2976 4322
387 215 637 270 HISTORIARUM
654 211 869 267 ALEXANDRI
887 211 938 264 Vll
956 212 980 262 8.
1120 207 1181 272 193

150 421 338 505 Soytharum
372 429 500 506 gentem
532 422 668 504 ignores,
704 421 813 503 iugum
842 418 938 482 boum
967 425 999 483 et
1032 424 1179 499 aratrum,

149 527 271 611 sagitta,
306 525 407 607 hasta,
443 533 562 611 patera.
607 524 665 590 His
698 524 815 588 utimur
844 530 876 588 et
906 543 977 587 oum
1007 523 1117 589 amieis
1151 531 1182 588 et

149 632 297 698 adversus
319 632 472 696 inimicos.
519 631 641 714 Fruges
665 629 774 694 amieis
806 628 917 694 damus
947 629 1043 694 bourn
1073 629 1181 693 labore
1202 630 1234 681 18

149 739 314 820 quaesitas,
338 725 450 821 pateia
473 729 544 801 eurn
567 735 668 800 isdem
683 735 791 799 vinum
807 733 855 798 dis
871 733 1014 814 libamus
1039 734 1182 798 inimicos

149 843 263 925 sagitta
296 841 427 922 eminus,
463 840 557 905 hasta
588 839 762 904 oomminus
792 839 937 923 petimus.
985 837 1038 903 sio
1070 837 1182 922 Syriae

147 967 254 1029 regern
288 953 319 1010 et
352 953 464 1030 postea
493 947 661 1010 Persarum
694 943 922 1026 Medorumque
956 943 1181 1028 superavimus,

148 1050 307 1134 patuitque
329 1051 421 1115 nobis
443 1050 503 1115 iter
525 1069 626 1132 usque
648 1049 681 1112 in
703 1048 897 1132 Aegyptum.
944 1047 986 1112 At
1008 1055 1051 1129 tu,
1076 1048 1129 1130 qui
1151 1045 1235 1112 te19

148 1153 290 1237 gloriaris
328 1154 370 1218 ad
413 1155 552 1219 latrones
597 1153 836 1238 persequendos
881 1153 998 1232 venire,
1045 1153 1184 1217 omnium

148 1258 297 1340 gentium,
322 1279 400 1340 quas
424 1257 527 1340 adisti,
551 1259 631 1322 latro
655 1277 699 1323 es.
745 1257 881 1340 Lydiam
904 1258 1024 1342 oepisti,
1058 1256 1184 1340 Syriam

148 1363 318 1447 occupasti,
342 1362 506 1427 Persidem
528 1369 626 1444 tenes,
651 1363 837 1427 Bactrianos
853 1361 953 1427 habes
969 1363 1001 1426 in
1016 1369 1182 1446 potestate,
1226 1413 1233 1442 ,

148 1465 243 1531 Indos
273 1467 396 1551 petisti:
431 1467 494 1531 iarn
525 1467 620 1531 etiarn
650 1465 693 1530 ad
722 1486 840 1550 peoora
870 1473 979 1531 nostra
1009 1486 1123 1532 avaras
1154 1472 1185 1530 et

147 1571 340 1636 insatiabiles
362 1591 474 1636 manus
497 1570 642 1655 porrigis.
690 1569 775 1647 Quid
797 1569 855 1634 tibi
878 1569 994 1635 divitiis
1022 1590 1101 1655 opus
1126 1577 1182 1650 est,
1203 1564 1237 1614 20

148 1695 228 1757 quae
251 1675 369 1740 esurire
385 1682 416 1740 te
433 1675 576 1758 eogunt?
610 1675 733 1738 Primus
749 1674 888 1739 omnium
904 1675 1050 1739 satietate
1065 1673 1185 1758 parasti

147 1779 274 1860 famem,
297 1787 340 1860 ut,
366 1801 427 1862 quo
450 1781 542 1864 plura
563 1780 709 1860 haberes,
741 1780 853 1860 aerius,
886 1800 967 1862 quae
989 1801 1052 1844 non
1075 1780 1184 1859 habes,

149 1903 291 1968 ouperes.
336 1884 409 1948 Non
443 1885 597 1949 suoounit
630 1884 696 1964 tibi,
733 1883 883 1966 quamdiu
918 1885 1036 1948 oiroum
1069 1885 1187 1948 Baetra
1205 1877 1236 1927 21

148 1987 308 2053 haereas?
332 1987 407 2052 dum
429 1988 499 2053 illos
523 1988 654 2070 subigis,
682 1987 835 2072 Sogdiani
860 1989 980 2054 bellare
1005 1996 1185 2073 oooperunt.

149 2092 272 2156 Bellum
293 2092 366 2178 tibi
374 2113 415 2156 ex
437 2092 570 2157 victoria
592 2093 740 2157 naseitur.
779 2092 863 2157 Nam
886 2100 921 2156 ut
942 2093 1043 2157 maior
1065 2092 1188 2158 fortior-

149 2215 210 2277 que
244 2197 287 2262 sis
318 2217 412 2278 quam
442 2197 617 2278 quisquam,
648 2204 755 2261 tamen
785 2197 997 2280 alienigenam
1027 2197 1188 2262 dominum

91 2293 137 2364 35
150 2301 215 2383 pati
238 2321 331 2365 nemo
354 2301 431 2366 vult.
476 2301 589 2364 'Pransi
610 2300 704 2366 modo
728 2301 866 2365 Tanain:
891 2302 982 2382 soies,
1007 2322 1101 2383 quam
1123 2303 1187 2366 late
1206 2292 1240 2343 22

148 2411 289 2489 pateant,
305 2425 476 2488 numquam
490 2412 597 2470 tamen
613 2406 813 2487 oonsequeris
828 2405 976 2488 Scythas.
1012 2407 1188 2490 Paupertas

148 2516 257 2574 nostra
279 2509 419 2574 velocior
449 2510 507 2574 erit
534 2530 628 2592 quam
659 2510 816 2575 exereitus
846 2517 927 2591 tuus,
960 2511 1013 2593 qui
1036 2511 1188 2595 praedam

148 2620 196 2679 tot
228 2614 391 2679 nationum
425 2613 523 2680 vehit.
569 2615 697 2696 Rursus,
734 2635 805 2679 oum
839 2617 950 2699 prooul
983 2616 1097 2681 abesse
1130 2636 1188 2680 nos

149 2718 270 2798 eredes,
302 2718 426 2785 videbis
449 2718 482 2782 in
504 2719 566 2783 tuis
591 2719 711 2784 eastris.
757 2718 879 2784 Eadem
910 2720 993 2784 enirn
1019 2719 1189 2784 velooitate

149 2830 182 2888 et
205 2823 365 2904 sequimur
387 2831 418 2887 et
441 2822 591 2906 sugimus.
634 2823 827 2907 Soytharum
850 2823 1034 2888 solitudines
1059 2824 1189 2889 Graecis
1208 2823 1241 2872 23

149 2928 246 2992 etiam
268 2927 443 3012 proverbiis
466 2927 560 2992 audio
584 2927 677 2992 eludi.
716 2927 759 2991 At
780 2948 838 2992 nos
862 2928 987 2992 deserta
1003 2935 1034 2992 et
1049 2927 1188 2992 humano

150 3032 238 3096 oultu
260 3051 363 3096 vanua
385 3031 488 3114 magis
519 3051 615 3112 quam
644 3032 739 3097 urbes
771 3038 803 3096 et
833 3033 999 3116 opulentos
1025 3052 1120 3115 agros
1144 3052 1190 3096 se-

150 3137 285 3218 quimur.
328 3135 465 3201 Proinde
489 3136 660 3200 Fortunam
683 3142 770 3200 tuam
792 3137 909 3220 pressis
931 3137 1077 3201 manibus
1099 3143 1189 3200 tene:
1209 3136 1242 3185 24

148 3240 274 3304 lubrioa
296 3247 345 3305 est
367 3261 426 3304 neo
452 3241 552 3305 invita
581 3240 682 3304 teneri
705 3247 818 3324 potest.
867 3239 1001 3306 Salubre
1026 3241 1190 3305 eonsilium

150 3364 287 3426 sequens
311 3364 405 3426 quam
428 3363 579 3428 praesens
601 3351 727 3428 tempus
751 3343 896 3409 ostendet
911 3344 1040 3409 melius:
1063 3345 1190 3428 impone

149 3446 297 3512 felicitati
318 3455 392 3512 tuae
423 3447 540 3529 frenos,
571 3447 696 3513 facilius
726 3448 813 3512 illam
843 3469 945 3530 reges.
992 3448 1100 3512 Nostri
1123 3448 1190 3513 sine
1210 3448 1242 3497 25

149 3551 287 3636 pedibus
317 3552 426 3617 dieunt
455 3573 525 3618 esse
550 3552 729 3633 Fortunam,
762 3573 844 3634 quae
874 3573 985 3616 manus
1017 3559 1049 3616 et
1078 3552 1191 3636 pinnas

149 3663 275 3720 tantum
297 3656 412 3722 habet:
430 3677 501 3722 oum
524 3677 636 3722 manus
659 3656 801 3740 porrigit,
825 3657 938 3740 pinnas
962 3676 1086 3737 quoque
1110 3676 1192 3719 oom-

150 3759 326 3845 prehende.
384 3761 542 3843 Denique,
569 3761 596 3826 si
634 3760 712 3825 deus
751 3780 794 3841 es,
832 3760 970 3825 tribuere
1007 3759 1192 3824 mortalibus
1210 3771 1243 3821 26

150 3851 309 3930 beneficia
332 3864 440 3945 debes,
472 3885 536 3930 non
559 3884 616 3929 sua
646 3863 785 3947 eripere:
816 3863 864 3928 sin
894 3870 999 3927 autem
1029 3862 1124 3926 homo
1148 3883 1191 3941 es,

207 4000 305 4044 Curtius
319 4000 396 4043 Rufus
410 4011 459 4043 von
474 3999 597 4053 Stangl.
1057 3987 1089 4037 13
