3040 4318
294 193 336 256 sa
683 182 714 248 Q.
734 183 843 240 ousrr
861 187 947 242 surr

294 420 409 480 sarum,
444 418 581 482 namque
615 397 690 463 inde
721 395 882 462 Bactriani
913 395 1127 462 discesserant
1157 395 1200 461 ad
1230 395 1334 480 oppri-

294 505 411 572 menda
434 504 674 590 impedimenta.
718 504 833 584 ltaque
849 502 1035 566 Alexander
1057 502 1182 564 laxatos
1206 499 1334 564 ordines

242 623 274 674 21
295 608 419 675 invadit
450 615 482 674 et
511 609 612 672 multa
642 606 742 672 caede
772 605 911 672 hostium
942 604 1113 671 invehitur.
1159 603 1203 668 At
1226 603 1279 686 qui
1302 605 1335 667 in

295 717 388 781 laevo
426 735 525 780 comu
562 719 653 778 erant
689 713 818 793 Persae,
862 733 920 797 spe
958 731 1055 796 posse
1092 731 1165 777 eum
1203 710 1333 791 includi,

296 839 413 904 agmen
444 839 537 884 suum
566 825 701 901 atergo
731 818 913 883 dimicantis
944 822 1126 901 opponunt:
1157 815 1337 897 ingensque

295 922 473 1009 periculum
496 923 529 986 in
552 921 658 986 medio
681 921 817 988 haerens
840 920 971 1002 adisset,
997 920 1029 984 ni
1053 919 1179 1003 equites
1202 917 1337 1000 Agriani

297 1026 476 1093 calcaribus
514 1025 652 1091 subditis
690 1024 898 1090 circumfusos
935 1024 1006 1106 regi
1043 1023 1198 1088 barbaros
1231 1021 1337 1087 adorti

297 1138 406 1198 essent
435 1150 628 1213 aversosque
659 1129 823 1194 caedendo
853 1129 887 1194 in
921 1147 956 1194 se
990 1126 1114 1193 obverti
1145 1125 1336 1207 coegissent.

246 1247 279 1296 22
298 1235 441 1300 Turbata
463 1242 532 1299 erat
561 1240 697 1316 utraque
724 1232 822 1300 acies.
868 1231 1054 1297 Alexander
1084 1239 1116 1296 et
1138 1253 1159 1296 a
1181 1230 1284 1295 fronte
1306 1237 1340 1295 et

297 1361 317 1404 a
339 1343 433 1422 tergo
456 1337 582 1403 hostem
604 1336 754 1402 habebat.
802 1335 863 1413 Qui
895 1356 1010 1401 averso
1042 1335 1071 1400 ei
1094 1335 1265 1416 instabant,
1298 1335 1339 1399 ab

299 1442 449 1526 Agrianis
466 1441 627 1525 equitibus
650 1442 895 1525 premebantur:
920 1439 1081 1505 Bactriani
1105 1439 1340 1523 impedimentis

197 1570 202 1580 ·
299 1547 439 1612 hostium
468 1546 603 1631 direptis
633 1545 754 1611 reversi
787 1545 915 1610 ordines
951 1565 1026 1610 suos
1056 1565 1246 1628 recuperare
1276 1565 1339 1608 non

299 1657 462 1736 poterant:
494 1651 587 1735 plura
618 1650 712 1716 simul
741 1651 879 1736 abrupta
909 1667 929 1715 a
959 1649 1074 1715 ceteris
1104 1649 1245 1731 agmina,
1277 1647 1341 1713 ubi-

249 1766 282 1815 23
301 1775 437 1838 cumque
471 1755 569 1820 alium
602 1754 659 1819 alii
693 1756 760 1820 fors
794 1754 980 1834 miscuerat,
1015 1753 1217 1819 dimicabant.
1271 1755 1342 1819 Duo

299 1879 395 1943 reges
428 1859 549 1924 iunctis
582 1880 681 1944 prope
714 1859 897 1943 agminibus
931 1859 1086 1945 proelium
1118 1857 1340 1923 accenderant.

301 1964 415 2029 Plures
442 1965 559 2030 Persae
590 1963 757 2045 cadebant,
789 1985 848 2050 par
877 1962 978 2029 ferme
1001 1963 1161 2046 utrimque
1192 1981 1342 2028 numerus

248 2079 282 2129 24
300 2069 537 2134 vulnerabatur.
591 2068 693 2134 Ourru
731 2070 867 2151 Dareus,
907 2067 1091 2134 Alexander
1127 2087 1210 2151 equo
1248 2067 1345 2133 vehe-

300 2175 409 2239 batur:
456 2180 625 2255 utrumque
665 2173 783 2239 delecti
817 2174 999 2254 tuebantur,
1045 2172 1094 2238 sui
1128 2169 1341 2253 immemores,

300 2278 420 2363 quippe
450 2277 572 2343 amisso
603 2299 680 2362 rege
710 2298 770 2343 nec
799 2279 950 2345 volebant
982 2277 1063 2342 salvi
1094 2295 1165 2342 esse
1196 2296 1255 2342 nec
1278 2282 1344 2362 pot-

210 2442 216 2452 .
302 2389 403 2447 eraut.
449 2380 535 2446 Ante
559 2382 669 2447 oculos
700 2383 750 2447 sui
781 2382 917 2465 quisque
946 2381 1034 2464 regis
1064 2387 1199 2446 mortem
1222 2400 1345 2446 occum-

250 2495 283 2544 25
303 2487 378 2552 bere
412 2485 550 2551 ducebat
584 2477 760 2569 egregium.
816 2486 990 2552 Maximum
1023 2492 1130 2551 tamen
1168 2485 1344 2569 periculum

302 2591 444 2670 adibant,
475 2611 555 2675 quos
585 2593 726 2657 maxime
756 2591 941 2657 tuebantur:
975 2591 1093 2677 quippe
1124 2591 1185 2658 sibi
1209 2590 1345 2675 quisque
1499 2677 1500 2680 Ἴ

251 2711 284 2762 26
304 2695 389 2762 caesi
422 2694 509 2778 regis
543 2697 715 2780 expetebat
749 2695 856 2762 decus.
904 2694 1053 2760 Ceterum
1086 2733 1129 2741 —
1163 2695 1231 2761 sive
1264 2689 1396 2762 rudi-59
1499 2741 1500 2752 2

303 2799 408 2866 brium
442 2800 605 2864 oculorum
639 2801 708 2866 sive
741 2803 819 2866 vera
853 2800 978 2886 species
1010 2800 1071 2864 fuit
1102 2837 1142 2846 -
1175 2799 1229 2882 qui
1263 2798 1347 2864 circa

305 2903 525 2967 Alexandrum
547 2911 648 2983 erant,
672 2900 792 2970 vidisse
815 2924 850 2970 se
874 2904 1078 2969 crediderunt
1100 2904 1233 2989 paulum
1249 2921 1347 2987 super

307 3013 404 3091 caput
427 3007 513 3089 regis
536 3006 663 3090 placide
685 3008 847 3073 volantem
877 3008 1028 3091 aquilam,
1058 3027 1123 3072 non
1146 3025 1222 3072 sono
1245 3025 1347 3070 armo·

307 3130 386 3191 rum,
421 3131 484 3175 non
519 3111 641 3193 gemitu
676 3111 879 3176 morientium
912 3109 1071 3176 territam:
1111 3111 1229 3192 diuque
1263 3109 1348 3175 circa

307 3233 425 3297 equum
448 3211 622 3278 Alexandri
653 3214 804 3299 pendenti
834 3215 938 3299 magis
969 3236 1064 3298 quam
1089 3213 1213 3280 volanti
1235 3212 1347 3278 similis

255 3335 287 3384 27
307 3317 466 3402 apparuit.
514 3316 607 3382 (terte
641 3324 731 3383 vates
756 3319 953 3400 Aristander,
988 3320 1061 3384 alba
1094 3323 1185 3384 veste
1218 3316 1348 3382 indutus

309 3425 341 3484 et
363 3419 475 3485 dextra
504 3421 692 3506 praeferens
715 3422 867 3502 lauream,
902 3421 1055 3488 militibus
1078 3421 1111 3487 in
1142 3441 1282 3506 pugnam
1304 3421 1348 3485 in-

308 3525 407 3590 tentis
431 3546 523 3592 avem
554 3528 759 3607 monstrabat,
791 3526 880 3592 haud
910 3527 1041 3592 dubium
1070 3527 1222 3592 victoriae
1245 3526 1349 3611 auspi-

259 3644 292 3695 28
311 3631 404 3696 cium.
451 3632 572 3716 Ingens
595 3653 673 3717 ergo
695 3633 843 3698 alacritas
875 3639 907 3697 et
930 3632 1047 3699 fiducia
1076 3634 1172 3718 paulo
1194 3641 1267 3698 ante
1291 3639 1349 3696 ter·

309 3734 388 3799 ritos
425 3736 573 3800 accendit
609 3737 651 3801 ad
687 3756 838 3822 pugnam,
881 3737 991 3819 utique
1028 3743 1197 3821 postquam
1236 3738 1349 3820 auriga

315 3839 425 3920 Darei,
450 3839 513 3921 qui,
547 3846 621 3905 ante
655 3841 761 3925 ipsum
783 3839 908 3922 sedens,
943 3861 1044 3924 equos
1077 3843 1221 3926 regebat,
1257 3843 1351 3909 hasta
