3040 4318
434 250 685 307 HISTORIARUM
703 253 918 305 ALEXANDRI
936 253 973 305 Vl
992 254 1016 304 8.
1189 251 1251 315 149

215 459 360 525 credulos
384 480 455 526 esse
478 460 605 541 debere,
629 480 713 525 vana
736 480 860 542 quoque
876 457 1057 525 deferentes
1072 457 1249 523 admittere.

216 563 333 630 Omnes
355 564 453 646 igitur
476 566 695 648 quaestionem
718 565 758 628 de
789 585 836 645 eo,
867 571 902 628 ut
923 563 1096 648 participes
1119 564 1249 627 sceleris
1270 570 1302 621 15

214 669 356 734 indicare
395 675 572 751 cogeretur,
611 669 794 735 habendam
831 687 903 733 esse
940 667 1125 733 decernunt.
1182 667 1250 732 Rex

213 773 401 854 admonitos,
440 774 486 838 uti
524 773 690 838 consilium
728 773 853 838 silentio
887 779 1074 857 premerent,
1110 769 1249 838 dimittit.

160 875 201 946 31
318 877 520 942 Pronuntiari
543 877 659 942 deinde
682 877 743 941 iter
764 876 797 940 in
813 883 975 961 posterum
997 876 1093 956 iubet,
1124 895 1165 940 ne
1188 897 1251 958 qua

213 983 286 1046 novi
301 981 369 1046 initi
393 982 518 1047 consilii
533 982 661 1046 daretur
676 989 760 1046 nota.
784 980 940 1046 Invitatus
963 989 1011 1047 est
1034 983 1129 1046 etiam
1144 980 1250 1046 Philo·
1269 993 1301 1043 16
1403 1049 1413 1060 ,

212 1093 262 1150 tas
281 1087 322 1151 ad
345 1087 471 1151 ultimas
487 1085 548 1170 ipsi
564 1087 684 1171 epulas,
709 1093 740 1151 et
762 1106 819 1150 rex
841 1105 906 1151 non
928 1107 1042 1152 cenare
1064 1087 1168 1168 modo,
1193 1087 1250 1153 sed

213 1191 308 1255 etiam
331 1191 527 1255 familiariter
568 1191 703 1274 colloqui
734 1212 805 1255 cum
835 1211 883 1271 eo,
915 1212 1008 1274 quem
1032 1191 1248 1273 damnaverat,

213 1296 368 1361 sustinuit.
416 1295 564 1360 Secunda
598 1295 714 1360 deinde
746 1295 860 1377 vigilia
895 1296 1066 1361 luminibus
1100 1297 1248 1362 extinctis
1269 1306 1300 1355 17

213 1421 285 1465 cum
307 1399 418 1485 paucis
448 1399 481 1462 in
510 1399 634 1482 regiam
664 1406 780 1464 coeunt
803 1399 1024 1484 Hephaestion
1047 1407 1079 1465 et
1101 1400 1249 1466 Craterus

213 1511 244 1569 et
260 1503 385 1569 Coenus
409 1511 441 1569 et
456 1501 615 1588 Erigyius,
640 1505 674 1568 hi
697 1525 737 1569 ex
761 1503 881 1584 amicis,
906 1525 946 1568 ex
962 1504 1128 1587 armigeris
1144 1512 1250 1570 autem

213 1609 384 1674 Perdiccas
415 1615 447 1673 et
477 1608 667 1673 Leonnatus.
714 1609 776 1673 Per
805 1609 865 1673 hos
894 1609 1091 1693 imperatum,
1122 1617 1165 1690 ut,
1197 1611 1249 1692 qui

214 1716 264 1778 ad
282 1713 475 1798 praetorium
505 1712 715 1794 excubabant,
746 1714 860 1778 armati
889 1713 1069 1796 vigilarent.
1116 1713 1184 1779 Iam
1207 1715 1249 1779 ad
1270 1721 1301 1772 18

213 1838 322 1882 omnes
346 1817 450 1882 aditus
474 1816 620 1902 dispositi
643 1823 734 1881 erant
757 1817 888 1899 equites,
912 1817 1028 1882 itinera
1050 1837 1175 1900 quoque
1198 1818 1250 1883 ob·

213 1923 316 1988 sidere
339 1923 425 2004 iussi,
456 1943 497 1987 ne
521 1923 590 2004 quis
613 1922 655 1986 ad
677 1922 927 2002 Parmenionem,
959 1923 1101 2004 quitum
1124 1921 1248 1987 Mediae

212 2028 401 2111 magnisque
424 2026 525 2111 copiis
548 2033 703 2111 praeerat,
728 2027 870 2091 occultus
886 2027 1047 2092 evaderet.
1082 2027 1248 2092 Athamias
1269 2033 1301 2083 19

213 2139 319 2196 autem
342 2151 413 2196 cum
437 2139 502 2194 CCC
526 2131 656 2195 armatis
679 2131 852 2195 intraverat
873 2131 1012 2213 regiam:
1040 2131 1115 2195 huie
1138 2130 1249 2212 decem

213 2235 366 2301 satellites
382 2235 556 2315 traduntur,
574 2255 706 2316 quorum
722 2234 867 2318 singulos
883 2234 957 2299 deni
973 2234 1124 2317 armigeri
1140 2255 1249 2316 seque-

212 2339 336 2404 bantur.
368 2337 409 2402 Hi
435 2338 477 2403 ad
499 2339 579 2403 alios
603 2338 782 2403 coniuratos
806 2337 1124 2422 comprehendendos
1147 2336 1249 2403 distri·
1267 2345 1302 2394 20

212 2444 280 2508 buti
302 2450 390 2507 sunt:
422 2441 587 2507 Atharrias
612 2463 682 2506 oum
705 2441 856 2507 trecentis
887 2441 929 2506 ad
951 2441 1111 2507 Philotam
1132 2442 1248 2506 missus

213 2547 353 2611 clausum
383 2545 503 2610 aditum
534 2545 646 2610 domus
677 2545 873 2625 moliebatur,
901 2545 1095 2611 Liuvenum
1125 2565 1249 2631 promp-

211 2650 341 2714 tissimis
365 2650 515 2734 stipatus:
547 2671 620 2713 nam
652 2656 774 2713 ceteros
805 2649 934 2730 cingere
957 2647 1098 2731 undique
1121 2648 1249 2714 domum

211 2754 355 2834 iusserat,
380 2775 420 2818 ne
444 2753 568 2817 occulto
595 2752 684 2816 aditu
707 2753 851 2817 Philotas
874 2759 983 2836 posset
1006 2752 1099 2816 elabi.
1146 2752 1247 2832 lllum,
1268 2759 1297 2808 21

212 2857 279 2922 sive
303 2857 473 2923 securitate
496 2857 594 2921 animi
618 2857 686 2922 sive
710 2856 899 2938 fatigatione
922 2857 1105 2937 resolutum,
1120 2875 1248 2921 somnus

211 2969 429 3047 oppresserat:
461 2982 554 3043 quem
578 2960 745 3025 Atharrias
776 2967 954 3044 torpentem
976 2960 1081 3025 adhuc
1105 2968 1250 3045 occupat.

210 3066 354 3130 Tandem
387 3066 417 3130 ei
452 3085 564 3150 sopore
598 3064 744 3129 discusso
779 3085 851 3128 cum
884 3064 1077 3129 inicerentur
1107 3071 1248 3144 catenae,
1268 3076 1301 3127 22

207 3170 329 3250 ‘Vicit',
354 3169 464 3250 inquit,
485 3169 782 3248 ε1000110101010010,
807 3189 872 3248 rex,
893 3168 1093 3232 inimicorum
1108 3189 1249 3233 meorum

210 3272 394 3338 acerbitas’.
440 3273 508 3337 Nec
532 3274 624 3357 plura
647 3274 805 3336 elocutum
829 3271 934 3355 eapite
958 3273 1064 3337 velato
1079 3273 1112 3336 in
1126 3273 1250 3354 regiam

210 3376 380 3441 adducunt.

159 3496 203 3568 32
317 3481 468 3546 Postero
487 3480 539 3546 (110
576 3501 633 3544 rex
671 3479 781 3561 edixit,
820 3500 930 3544 omnes
967 3479 1080 3544 armati
1119 3480 1247 3544 coirent.
1268 3491 1301 3540 23

210 3596 248 3649 vl
265 3583 355 3648 milia
377 3584 443 3648 fere
466 3584 601 3648 militum
623 3592 786 3665 venerant,
810 3591 977 3669 praeterea
998 3583 1091 3648 turba
1113 3585 1250 3647 lixarum

210 3689 419 3770 calonumque
453 3688 663 3771 impleverant
706 3688 839 3770 regiam.
906 3686 1055 3751 Philotan
1099 3686 1250 3768 armigeri
1268 3698 1302 3747 24

210 3791 338 3876 agmine
363 3812 419 3856 suo
442 3791 604 3876 tegebant,
636 3813 675 3857 ne
706 3799 780 3856 ante
812 3791 953 3876 conspici
976 3797 1086 3876 posset
1108 3791 1249 3874 evulgo

212 3915 306 3978 quam
328 3915 385 3959 rex
418 3895 576 3959 allocutus
598 3895 716 3959 milites
740 3901 834 3959 esset.
874 3895 923 3957 De
948 3892 1139 3977 capitalibus
1154 3892 1249 3957 rebus
1269 3905 1301 3954 25
