3028 4322
286 183 328 244 42
676 180 707 245 Q.
727 181 836 235 GURTI
855 181 942 234 RUFI

287 389 492 456 eminentium
522 388 564 453 ad
594 408 628 453 se
658 387 832 469 trahentes,
867 408 949 471 quae
980 387 1034 453 ubi
1065 393 1195 452 secutae
1226 392 1325 464 erant,

287 495 440 580 pleraque
477 513 585 560 secum
622 492 654 556 in
693 492 887 578 profundum
925 492 1059 556 dabant:
1098 497 1165 555 tum
1202 491 1326 556 levatos

288 619 385 664 onere
417 598 541 683 stipites
570 604 761 679 truncosque
792 599 941 661 arborum
971 595 1058 660 haud
1086 615 1185 679 aegre
1219 595 1327 660 molie-

287 704 418 769 bantur:
465 701 582 767 deinde
620 708 721 766 totum
762 721 851 786 opus,
899 700 983 784 quod
1022 699 1183 783 stipitibus
1221 700 1326 766 fuerat

286 808 440 888 innixum,
465 805 673 872 fundamento
696 806 787 890 lapso
811 806 1012 888 sequebatur.

236 926 265 974 11
390 913 498 996 Aegro
532 911 629 976 animi
653 909 836 975 Alexandro
867 931 936 991 nee,
967 914 1188 994 perseveraret
1210 929 1252 974 an
1273 910 1326 973 ab·

284 1017 353 1099 iret,
380 1017 458 1082 satis
489 1023 576 1082 certo
607 1015 719 1080 elassis
743 1014 850 1099 Cypro
881 1014 1011 1080 advenit
1041 1014 1218 1098 eodemque
1248 1020 1326 1078 tem-

285 1143 362 1206 pore
387 1119 544 1186 Cleander
574 1139 646 1184 eum
676 1118 807 1184 Graecis
837 1114 991 1184 militibus
1020 1117 1053 1181 in
1083 1117 1195 1183 Asiam
1224 1137 1326 1203 nuper

284 1224 437 1290 advectis.
496 1233 516 1289 0
550 1230 582 1289 et
614 1233 661 1286 XO
697 1221 827 1305 navigia
864 1221 897 1286 in
935 1221 997 1286 duo
1036 1221 1150 1288 dividit
1188 1241 1323 1288 cornua:

284 1331 411 1396 laevum
437 1331 648 1413 Pnytagoras,
678 1349 736 1392 rex
766 1327 962 1413 Cypriorum,
995 1347 1066 1392 cum
1097 1325 1227 1392 Cratero
1258 1334 1326 1393 tue-

284 1435 386 1516 batur,
418 1432 635 1498 Alexandrum
658 1431 691 1496 in
720 1431 834 1497 dextro
865 1431 1100 1514 quinqueremis
1122 1431 1327 1514 1111111111-

234 1551 266 1598 12
284 1539 349 1604 bat.
405 1539 474 1603 Nee
510 1537 608 1622 Tyrii,
643 1555 837 1620 quamquam
871 1536 1008 1602 classem
1042 1535 1215 1616 habebant,
1252 1534 1324 1601 ausi

284 1645 398 1708 navale
428 1643 509 1707 inire
540 1649 717 1708 certamen:
747 1642 805 1708 tris
834 1641 963 1706 omnino
993 1647 1068 1707 ante
1098 1641 1168 1727 ipsa
1198 1642 1325 1707 moenia

284 1753 510 1832 opposuerunt,
537 1745 653 1829 quibus
675 1767 733 1811 rex
755 1745 899 1811 invectus
921 1745 1078 1830 impulsas
1101 1745 1264 1811 demersit.
1289 1726 1296 1739 ⁸

235 1869 266 1918 13
389 1853 522 1916 Postera
559 1850 609 1915 die
648 1852 750 1916 classe
783 1850 826 1914 ad
859 1850 985 1914 moenia
1018 1849 1145 1914 admota
1179 1849 1374 1932 1111111114

284 1956 450 2022 tormentis
475 1963 505 2021 et
528 1955 666 2020 maxime
689 1954 823 2020 arietum
847 1957 941 2039 pulsu
965 1974 1071 2019 muros
1095 1954 1213 2037 quatit:
1245 1975 1325 2037 quos

284 2059 373 2144 Tyrii
411 2059 526 2144 raptim
572 2059 742 2124 obstructis
785 2059 872 2123 saxis
909 2058 1097 2139 refecerunt,
1143 2058 1325 2123 interiorem

286 2185 410 2247 quoque
434 2183 567 2244 murum,
598 2171 642 2243 ut,
674 2163 701 2228 si
732 2163 819 2247 prior
848 2163 1024 2242 fefellisset,
1056 2162 1110 2227 illo
1141 2183 1176 2228 se
1202 2171 1325 2228 tueren-

237 2268 445 2350 141111111.
495 2268 559 2333 Sed
581 2267 720 2350 undique
750 2267 799 2333 vis
830 2268 903 2332 mali
936 2269 1088 2350 urgebat:
1120 2269 1220 2332 moles
1243 2267 1325 2332 intra

284 2373 339 2436 teli
373 2373 494 2436 iactum
529 2379 606 2453 erat,
643 2371 754 2436 elassis
788 2371 914 2436 moenia
948 2370 1150 2437 circumibat:
1183 2372 1325 2436 terrestri

285 2476 379 2540 simul
424 2475 593 2558 navalique
639 2474 730 2540 clade
776 2476 1000 2540 obruebantur.
1061 2475 1189 2560 Quippe
1232 2475 1325 2540 binas

285 2580 501 2663 quadriremes
518 2579 710 2645 Macedones
733 2579 815 2644 inter
830 2600 865 2644 se
887 2580 932 2645 ita
951 2579 1128 2654 1111111111,
1153 2588 1188 2645 11
1209 2600 1324 2666 prorae

285 2684 500 2766 cohaererent,
525 2705 650 2770 puppes
670 2685 845 2772 intervallo,
871 2692 1022 2767 quantum
1038 2706 1153 2770 capere
1168 2694 1323 2771 poterant,

235 2805 265 2853 15
285 2788 454 2853 distarent:
493 2788 553 2853 hoc
590 2788 744 2874 puppium
782 2789 982 2854 intervallum
1019 2789 1176 2854 antemnis
1212 2790 1325 2855 asseri-

284 2894 408 2975 busque
432 2892 547 2957 validis
579 2892 728 2975 deligatis
759 2913 916 2977 superque
947 2914 1002 2958 eos
1033 2893 1182 2978 pontibus
1206 2894 1323 2975 stratis,

285 2997 339 3079 qui
378 2996 510 3061 militem
549 2997 747 3076 sustinerent
789 2997 1006 3080 impleverant.
1057 2997 1110 3062 Sic
1154 2999 1324 3063 instructas

285 3100 504 3184 quadriremes
534 3099 576 3165 ad
606 3102 716 3167 urbem
746 3102 902 3184 agebant:
933 3102 1007 3166 inde
1037 3102 1171 3167 missilia
1200 3103 1233 3167 in
1256 3123 1324 3187 pre-

285 3213 464 3290 pugnantes
488 3203 715 3288 ingerebantur
733 3213 809 3290 tute,
833 3206 907 3288 quia
921 3205 1022 3290 proris
1038 3207 1129 3272 miles
1145 3208 1323 3290 tegebatur.

234 3324 266 3374 16
285 3309 392 3373 Media
414 3329 478 3373 nox
495 3316 571 3388 erat,
596 3329 668 3373 cum
684 3312 828 3388 classem,
853 3310 944 3374 sicuti
965 3310 1155 3392 dictumest,
1180 3322 1324 3395 paratam

285 3413 451 3478 circumire
486 3433 592 3478 muros
626 3414 723 3479 iubet.
781 3415 913 3497 Iamque
947 3436 1045 3482 naves
1079 3415 1149 3481 urbi
1183 3413 1323 3498 undique

284 3518 544 3598 admovebantur,
585 3527 616 3583 et
652 3519 742 3602 Tyrii
776 3519 996 3603 desperatione
1029 3522 1212 3606 torpebant:
1251 3541 1323 3584 eum

286 3621 389 3687 subito
420 3621 542 3706 spissae
572 3624 674 3688 nubes
704 3623 867 3688 intendere
899 3645 934 3688 se
965 3626 1063 3709 caelo,
1097 3633 1138 3704 et,
1173 3624 1322 3708 quicquid

235 3740 267 3789 17
286 3726 366 3790 lueis
393 3725 604 3808 internitebat,
635 3727 736 3792 effusa
767 3727 903 3810 ealigine
934 3730 1107 3793 extinctum
1138 3737 1194 3794 est.
1240 3731 1322 3793 Tum

287 3829 506 3895 inhorrescens
529 3851 615 3895 mare
638 3831 790 3915 paulatim
813 3832 921 3911 levari,
946 3832 1060 3898 deinde
1082 3833 1205 3900 acriore
1228 3840 1323 3900 vento
