3040 4318
274 219 336 295 126
361 296 364 301 .
660 219 690 285 o.
711 218 819 274 essm
837 219 924 274 serr

272 423 484 508 aequavisset·
515 403 617 487 Probi
640 423 726 487 enim
742 434 962 510 perspecerat,
994 425 1110 510 quanti
1134 425 1312 490 adomnia

272 527 424 590 momenti
439 537 542 590 motus
557 527 651 590 istius
666 527 840 592 inclinatio
854 528 982 613 futura
998 539 1084 612 esset,
1108 552 1314 614 quamquam

272 631 418 716 deinceps
441 641 568 716 accepto
590 632 746 696 victoriae
768 633 892 714 nuntio,
926 633 994 696 suis
1020 633 1166 718 operibus
1188 633 1224 696 id
1246 633 1312 696 dis·

273 735 395 799 crimen
407 754 610 819 comparans,
623 736 769 799 mnrium
781 759 1009 822 campnpnam
1017 737 1127 822 fuisse
1139 737 1315 811 cavillatus

272 849 325 902 est.
363 835 508 902 Ceterum
517 839 689 924 principia
712 840 781 903 eius
803 840 877 904 belli
892 841 983 904 baud
998 841 1197 926 improspera
1212 840 1313 905 Lace-

272 942 453 1006 daemoniis
456 943 566 1025 fuere.
591 944 690 1007 Iuata
706 941 908 1030 Corrbapum
922 945 1134 1010 Macedoniae
1148 944 1314 1008 castellum

273 1068 347 1110 cnm
377 1044 547 1132 Antipatri
581 1047 742 1111 militibus
772 1049 929 1134 conpressi
958 1049 1091 1112 victores
1122 1048 1314 1115 erctiterant:

273 1161 301 1215 et
322 1152 371 1216 rei
394 1152 467 1214 bene
487 1161 593 1236 pestae
607 1151 715 1236 fama
745 1152 856 1233 etiam,
880 1152 948 1238 'qui
977 1153 1135 1238 suspensis
1157 1153 1316 1216 mentibus

265 1255 442 1341 fortunam
471 1265 700 1340 spectaverant,
735 1257 772 1318 in
804 1257 986 1320 societatem
1020 1279 1130 1322 eorum
1153 1257 1316 1342 pertracti

273 1371 356 1424 sunt.
409 1360 482 1424 Una
505 1383 544 1424 erc
564 1359 654 1424 Eleis
668 1357 870 1447 Achaeisque
894 1361 1029 1425 urbibus
1051 1362 1178 1431 Pellene
1193 1361 1316 1447 foedus

275 1465 514 1549 aspernabatur
536 1474 565 1528 et
587 1465 623 1528 in
646 1462 798 1529 Arcadia
822 1465 1041 1551 Mepalopolis,
1064 1466 1141 1548 fida
1165 1465 1314 1530 Macedo-

274 1571 369 1634 nibus
401 1570 437 1634 ob
461 1569 610 1654 Philippi
640 1569 842 1651 memoriam,
874 1593 896 1632 a
919 1593 980 1655 quo
1007 1569 1168 1652 beneficiis
1197 1569 1316 1654 affecta

267 1676 398 1760 fuerat.
438 1673 503 1738 Sed
514 1673 682 1762 baec,'arte
700 1675 922 1756 circumsessa,
931 1675 1022 1738 band
1022 1674 1141 1760 procul
1155 1674 1316 1738 deditione

276 1781 399 1861 aberat,
422 1779 488 1842 nisi
510 1779 642 1842 tandem
657 1776 832 1864 Antipater
854 1779 1054 1842 subuenisset.
1090 1779 1123 1842 Is
1138 1788 1316 1863 postquam

276 1894 385 1949 castra
416 1883 532 1947 castris
563 1883 695 1946 contulit
729 1905 821 1968 seque
852 1906 986 1946 numero
1016 1883 1159 1946 militum
1190 1883 1317 1968 alioque

276 1999 442 2075 apparatu
457 1987 651 2073 superiorem
668 1989 838 2072 componit,
855 2009 957 2072 quam
966 1987 1118 2072 primum
1134 1987 1172 2051 de
1187 2010 1317 2050 summa

278 2117 388 2164 rerum
411 2093 537 2178 proelio
567 2091 750 2155 contendere
780 2092 912 2155 statuit:
942 2114 1041 2177 neque
1064 2091 1318 2160 Lacedaemonii

279 2199 491 2268 detrectavere
515 2206 686 2260 certamen.
732 2196 785 2259 Ita
809 2196 981 2259 commissa
1012 2204 1055 2259 est
1077 2217 1204 2281 pupna,
1235 2217 1318 2281 quae

276 2326 346 2367 rem
378 2301 585 2386 Spartanam
619 2302 777 2366 maiorem
811 2304 846 2364 in
880 2300 1012 2363 modum
1047 2299 1187 2384 afflinit.
1235 2297 1318 2363 Cum

276 2409 363 2472 enim
386 2407 544 2492 anqustiis
566 2406 718 2486 locorum,
749 2405 924 2489 inquibus
939 2405 1163 2489 pupnabatur,
1196 2403 1317 2486 confisi,

276 2513 333 2576 ubi
355 2513 435 2575 bosti
457 2511 583 2575 nullum
600 2510 822 2574 multitudinis
844 2531 940 2572 usum
955 2507 1119 2593 futurum
1136 2508 1317 2588 credebant,

278 2619 419 2681 animose
443 2615 598 2701 conpressi
621 2625 729 2695 essent,
752 2635 851 2701 neque
867 2611 1059 2676 Macedones
1082 2613 1218 2697 impipre
1238 2613 1316 2676 resi-

277 2732 399 2804 sterent,
423 2721 562 2785 multum
578 2719 749 2806 sanpuinis
760 2718 881 2804 fusum
898 2727 951 2780 est.
986 2715 1051 2780 Sed
1059 2726 1234 2802 postquam
1249 2714 1316 2778 An-

277 2829 396 2913 tipater
411 2826 571 2911 intepram
593 2823 728 2888 subinde
748 2844 886 2886 manum
908 2821 1135 2885 laborantibus
1157 2821 1224 2884 suis
1246 2821 1317 2884 sub-

277 2931 362 2995 sidio
385 2931 541 3010 mittebat,
564 2928 706 3014 impulsa
723 2925 1059 2990 Lacedaemoniorum
1076 2925 1163 2989 acies
1173 2925 1319 3011 pradum

150 3080 153 3087 -
271 3036 444 3122 paulisper
465 3033 598 3098 rettulit.
645 3029 738 3105 Quod
765 3031 966 3115 conspicatus
989 3028 1069 3116 Apis
1099 3051 1173 3092 cum
1197 3029 1319 3092 coborte

276 3140 379 3226 repia,
402 3161 486 3224 quae
508 3161 548 3202 ea
561 3135 759 3223 fortissimis
782 3135 957 3216 constabat,
979 3156 1011 3198 se
1027 3135 1064 3198 in
1080 3134 1225 3198 medium
1238 3181 1247 3205 ,
1261 3179 1269 3196 .
1285 3179 1292 3211 ,
1308 3180 1317 3196 .

748 3327 813 3381 (ter.
831 3327 852 3380 Ι.

250 3478 264 3528 1
290 3471 476 3537 ...pugnae
495 3449 665 3515 discrimen
684 3446 813 3513 immisit
827 3446 1095 3529 obtruncatisque‚
1118 3445 1172 3529 qui
1190 3465 1315 3532 promp-
1331 3446 1348 3516 1

278 3557 353 3623 tius
377 3555 578 3635 resistebant,
624 3573 776 3636 magnam
812 3557 936 3636 partem
980 3549 1120 3616 hostium
1165 3549 1316 3635 propulit.

244 3662 460 3747 roceperint
486 3659 599 3742 fugere
621 3657 759 3722 victores
789 3666 828 3738 et,
858 3654 959 3720 donee
989 3653 1116 3720 avidius
1147 3660 1318 3737 sequentes

279 3769 313 3832 in
337 3767 469 3852 planum
498 3763 668 3843 deduxere,
700 3761 791 3826 inulti
821 3759 996 3825 cadebant:
1028 3758 1098 3825 sed'
1113 3765 1149 3824 ut
1180 3757 1324 3844 primum·

279 3874 378 3952 locus,
409 3869 443 3934 in
465 3875 527 3952 quo
557 3874 642 3932 stare
671 3871 811 3950 possent,
843 3864 912 3944 fuit,
944 3863 1066 3952 aequis
1079 3858 1199 3929 viribus
1230 3862 1318 3928 dimi-
