2970 4322
404 181 655 236 HlSTORlARUM
672 181 887 234 ALEXANDRI
907 181 930 231 X
950 184 973 234 5.
993 184 1016 233 6.
1163 183 1225 246 301

186 391 301 471 buerit,
340 391 412 474 plus
450 390 599 455 debuisse
638 389 801 454 fortunae:
837 409 932 471 quam
963 389 1048 452 solus
1087 388 1226 454 omnium

185 494 366 559 mortalium
389 495 421 558 in
445 499 603 578 potestate
626 493 745 557 habuit.
794 492 948 568 Quotiens
971 493 1060 556 illum
1083 513 1103 556 a
1125 499 1226 558 morte

185 599 358 680 revocavit,
391 598 537 682 quotiens
560 605 679 662 temere
701 598 734 661 in
757 597 899 682 pericula
921 603 1049 663 vectum
1071 605 1226 682 perpetua

185 702 338 768 felicitate
379 703 530 788 protexit!
578 701 671 766 Vitae
710 721 835 783 quoque
873 700 967 765 finem
1005 701 1143 766 eundem
1180 702 1226 766 illi
1245 713 1278 763 36

185 827 280 888 quem
317 807 438 890 gloriae
485 806 611 871 statuit:
658 812 869 890 expectavere
915 825 1000 870 eum¹
1032 805 1108 886 fata,
1150 805 1225 870 dum

184 911 317 977 Oriente
340 910 516 996 perdomito
539 909 690 992 aditoque
714 909 851 989 Oceano,
877 908 1028 990 quioquid
1051 910 1225 974 mortalitas

184 1015 344 1099 capiebat,
367 1014 524 1097 impleret.

289 1119 373 1183 Huic
405 1119 473 1201 regi
508 1117 645 1200 ducique
683 1135 846 1182 successor
885 1118 1105 1199 quaerebatur.
1160 1118 1225 1183 Sed
1244 1129 1276 1178 37

183 1223 285 1286 maior
313 1223 412 1288 moles
443 1229 510 1288 erat
551 1243 647 1304 quam
678 1228 712 1286 ut
742 1242 823 1286 unns
859 1222 964 1286 subire
996 1242 1067 1286 eam
1097 1228 1222 1306 posset:

182 1328 292 1409 itaque
324 1347 441 1391 nomen
475 1347 601 1410 quoque
635 1327 703 1391 cius
739 1333 770 1390 et
803 1326 891 1389 fama
924 1347 1028 1391 rernm
1057 1326 1091 1390 in
1122 1334 1223 1392 totum

182 1429 413 1516 propemodum
448 1433 557 1497 orbern
591 1451 684 1513 reges
719 1452 757 1495 ao
791 1451 891 1513 regna
922 1430 1058 1511 diffudit,
1091 1432 1223 1496 clarissi-

182 1535 289 1616 mique
326 1541 398 1599 sunt
436 1535 546 1619 habiti,
584 1535 637 1618 qui
676 1535 771 1600 etiam
803 1534 956 1616 ¹minimae
994 1535 1076 1618 parti
1115 1541 1222 1600 tantae

182 1637 330 1704 fortunae
353 1637 576 1722 adhaeserunt.

643 1830 708 1884 Can.
728 1831 772 1884 Vl.

129 1949 168 2020 19
285 1949 431 2014 Ceterum
455 1949 619 2034 Babylone
636 1949 765 2014 -inde
789 1949 873 2014 enim
896 1948 1032 2014 devertit
1055 1949 1156 2013 oratio
1179 1966 1252 2014 -1

182 2053 323 2138 corporis
357 2055 423 2120 eins
458 2054 605 2120 custodes
636 2055 668 2118 in
698 2055 821 2137 regiam
851 2055 1011 2139 principes
1045 2054 1219 2119 amicorum

182 2155 345 2240 ducesque
382 2157 545 2242 copiarum
582 2158 789 2223 advocavero.
845 2158 962 2223 Secuta
1000 2165 1048 2222 est
1086 2159 1219 2222 militum

179 2262 272 2326 turba
309 2262 502 2346 cupientium
543 2263 631 2343 scire,
673 2263 706 2326 in
745 2282 840 2344 quem
875 2261 1051 2327 Alexandri
1091 2262 1221 2328 fortuna

181 2371 268 2429 esset
301 2367 480 2431 transitura.
534 2367 625 2430 Multi
659 2365 756 2431 duces
791 2366 971 2448 frequentia
1003 2366 1138 2430 militum
1169 2380 1255 2431 ex-2

181 2469 260 2534 clusi
301 2471 423 2554 regiam
461 2471 578 2536 intrare
615 2492 678 2535 non
716 2477 870 2555 poterant,
909 2491 980 2535 cum
1018 2492 1134 2555 praeco
1169 2493 1220 2537 ex-

181 2573 291 2656 ceptis,
339 2575 391 2657 qui
436 2575 621 2639 nominatim
666 2574 847 2655 citarentur,
893 2573 982 2638 adire
1019 2575 1218 2659 prohiberet:

181 2676 239 2742 sed
286 2678 464 2762 precarium
509 2679 718 2762 spernebatur
761 2679 938 2764 imperium.
996 2679 1042 2744 Ao
1084 2680 1253 2763 primum3

180 2779 315 2846 eiulatus
345 2782 458 2865 ingens
491 2783 696 2866 ploratusque
728 2790 899 2848 renovatus
933 2791 990 2863 est,
1027 2783 1143 2848 deinde
1173 2784 1219 2848 fu-

179 2885 241 2948 turi
265 2887 443 2970 expectatio
473 2885 614 2950 inhibitis
645 2887 782 2951 lacrimis
812 2887 971 2952 silentium
995 2888 1080 2952 fecit.
1128 2889 1252 2954 Tuncl

179 2989 335 3054 Perdicca
363 2990 453 3073 regia
482 2990 561 3054 sella
591 2989 623 3053 in
654 2997 859 3073 conspectum
881 2991 968 3074 volgi
992 2991 1075 3076 data,
1098 2992 1131 3055 in
1155 3014 1218 3075 qua

179 3091 329 3156 diadema
357 3094 519 3176 vestisque
542 3092 715 3160 Alexandri
746 3115 817 3159 cum
848 3095 943 3159 armis
968 3103 1065 3176 erant,
1089 3098 1217 3160 anulum

179 3197 239 3262 sibi
262 3195 365 3281 pridie
387 3197 537 3262 traditum
561 3219 581 3261 a
604 3218 680 3280 rege
703 3197 735 3261 in
759 3197 871 3263 eadem
898 3198 975 3262 sede
998 3199 1118 3283 posuit:
1144 3219 1217 3282 quo·
1252 3241 1255 3248 .

178 3322 247 3365 rum
288 3308 419 3386 aspectu
460 3323 566 3367 rursus
605 3303 736 3367 obortae
781 3303 925 3368 omnibus
959 3304 1108 3368 lacrimae
1140 3305 1216 3369 inte-

177 3425 311 3489 gravere
348 3407 476 3472 luctum.
533 3408 574 3471 Et
611 3406 770 3486 Perdicca,
802 3408 885 3490 ‘Ego
924 3407 1070 3490 quidem,'
1104 3408 1249 3491 inquito

174 3509 327 3588 ‘anulum
358 3529 420 3592 quo
450 3511 504 3574 ille
530 3511 621 3593 regni
651 3518 747 3594 atque
776 3511 901 3595 imperii
932 3512 1016 3576 vires
1047 3512 1215 3595 obsignare
1266 3593 1268 3600 Ι

178 3620 247 3677 erat
270 3614 388 3694 solitus,
412 3615 563 3679 traditum
587 3615 720 3700 abipso
746 3615 836 3693 mihi,
858 3614 957 3680 reddo
980 3616 1080 3680 vobis.
1126 3617 1214 3681 Oete·
1233 3629 1249 3676 o

97 3703 99 3712 Α
177 3738 246 3781 rum
270 3739 460 3800 quamquam
493 3720 580 3783 nulla
611 3719 719 3784 clades
750 3719 832 3798 huic,
865 3739 927 3801 qua
957 3720 1064 3784 affecti
1095 3741 1211 3800 sumus,

177 3840 236 3912 par
268 3821 308 3902 ab
342 3821 430 3888 iratis
465 3821 514 3888 dis
549 3822 723 3905 excogitari
761 3829 876 3907 potest,
916 3829 1021 3888 tamen
1059 3824 1213 3906 magnitu-
