3040 4318
438 177 688 233 HISTORIARUM
706 171 922 230 ALEXANDRI
941 170 978 223 VI
996 173 1020 224 4.
1193 176 1256 240 135

218 385 371 450 ducentos
395 391 426 449 et
448 383 581 466 triginta
596 403 696 448 annos
715 383 902 448 inviolatam
924 381 1054 466 regibus
1079 381 1145 447 suis
1168 401 1255 466 prae

216 488 378 554 stitissent.
405 488 457 569 Se,
481 488 513 552 in
536 487 704 573 praecipiti
729 495 760 552 et
782 487 905 552 lubrico
925 493 1071 567 stantem,
1089 486 1256 551 consilium
1275 505 1307 553 10

215 613 234 655 a
256 593 419 676 praesenti
442 592 634 657 necessitate
658 588 824 676 repetisse.
862 591 1004 655 Dareum
1021 610 1156 673 quoque,
1182 610 1253 654 cum

215 696 385 762 occidisset
414 696 558 778 Bagoan,
596 695 658 760 hac
689 695 895 760 excusatione
925 693 1122 760 satisfecisse
1155 714 1250 779 popu·

214 799 342 882 laribus,
361 800 446 882 quod
461 799 667 866 insidiantem
682 799 907 865 interemisset.
941 797 1031 862 Nihil
1044 817 1116 863 esse
1127 797 1252 863 miseris
1272 819 1301 868 11

213 905 402 970 mortalibus
432 904 547 988 spiritu
578 903 701 970 carius:
733 922 841 968 amore
872 902 942 966 eius
972 901 1015 966 ad
1044 901 1157 966 ultima
1180 921 1252 967 esse

212 1009 406 1092 propulsum.
453 1008 518 1074 Sed
552 1029 591 1074 ea
623 1007 728 1091 magis
763 1027 834 1072 esse
867 1013 1020 1088 secutum,
1057 1029 1141 1092 qaae
1176 1029 1252 1092 opos

205 1112 337 1196 fnisset,
368 1135 469 1198 qaam
499 1133 582 1195 quae
613 1119 764 1198 optasset.
811 1112 850 1176 In
880 1111 1039 1176 communi
1070 1111 1303 1182 calamitatem

212 1235 302 1280 suam
325 1236 481 1298 quemque
503 1217 625 1282 habere
647 1215 817 1280 fortunam.
866 1215 900 1279 Si
923 1215 1032 1280 venire
1060 1235 1095 1280 se
1117 1215 1250 1296 iuberet,

212 1319 281 1385 sine
303 1327 391 1386 metu
413 1340 486 1386 esse
508 1327 687 1386 venturum.
724 1321 798 1384 Non
820 1320 942 1400 timere,
967 1339 1008 1382 nc
1031 1317 1128 1383 fidem
1144 1319 1253 1384 datam

210 1431 319 1489 tantus
334 1445 391 1489 rex
407 1424 557 1490 violaret:
582 1424 659 1489 deos
676 1424 772 1489 adeo
788 1420 858 1488 falli
875 1444 939 1488 non
955 1423 1067 1488 solere.
1104 1423 1252 1488 Ceterum
1272 1443 1304 1493 13

210 1529 247 1610 si,
285 1529 336 1593 cui
366 1528 463 1594 fidem
496 1529 594 1609 daret,
630 1528 792 1594 videretur
822 1527 986 1611 indignus,
1022 1529 1123 1592 multa
1154 1528 1252 1592 exilia

209 1641 321 1717 patere
358 1631 512 1716 fugienti:
550 1633 687 1718 patriam
725 1652 805 1715 esse,
847 1631 1038 1714 ubicumque
1071 1631 1121 1696 vir
1159 1630 1250 1698 fortis

209 1737 319 1802 sedem
349 1737 410 1802 sibi
441 1737 584 1819 elegerit.
631 1737 701 1803 Neo
732 1737 891 1802 dubitavit
922 1735 1109 1800 Alexander
1143 1736 1247 1816 fidem,
1269 1754 1301 1804 14

211 1861 273 1923 quo
311 1841 431 1906 Persae
467 1841 562 1907 modo
600 1841 812 1926 accipiebant,
851 1842 936 1922 dare,
975 1841 1176 1921 inviolatum,
1221 1842 1249 1906 si

209 1946 360 2026 venisset,
388 1945 467 2010 fore.

157 2052 197 2122 12
315 2049 479 2126 Quadrato
501 2057 569 2114 tum
592 2051 721 2132 agmine
744 2057 775 2114 et
799 2046 974 2134 composito
997 2050 1074 2130 ibat,
1106 2050 1248 2134 specula-

208 2161 293 2220 tores
317 2154 454 2220 subinde
476 2155 694 2239 praemittens,
721 2154 775 2236 qui
799 2155 1001 2239 explorarent
1024 2155 1104 2220 loca.
1152 2155 1247 2220 Levis
1268 2180 1299 2230 15

208 2265 369 2322 armatura
406 2257 545 2322 ducebat
581 2279 707 2341 agmen,
755 2257 898 2342 phalanx
936 2279 1006 2322 eam
1044 2260 1245 2342 sequebatur,

209 2369 282 2445 post
304 2361 429 2446 pedites
453 2369 544 2426 erant
571 2359 809 2446 impedimenta.
856 2362 897 2426 Et
920 2381 1000 2444 gens
1032 2361 1185 2428 bellicosa
1216 2371 1248 2428 et

209 2473 341 2530 naturae
376 2465 455 2532 situs
490 2464 633 2533 difficilis
668 2466 759 2532 aditu
793 2486 902 2532 curam
936 2465 1025 2548 regis
1056 2465 1244 2532 intenderat.

208 2569 355 2651 Namque
377 2577 533 2654 perpetua
554 2561 649 2634 vallis
678 2567 770 2649 iacet,
791 2589 893 2653 usque
919 2569 963 2634 ad
984 2589 1071 2634 mare
1095 2570 1247 2655 Caspium
1267 2598 1298 2647 16

208 2680 330 2757 patens,
356 2692 418 2755 quo
440 2681 544 2738 terrae
569 2675 637 2738 eius
661 2674 748 2739 velut
770 2675 904 2739 brachia
927 2681 1113 2739 excurrunt:
1138 2673 1246 2739 media

207 2776 293 2843 flexu
315 2777 441 2842 modico
465 2778 569 2842 sinum
592 2777 723 2860 faciunt,
736 2779 832 2843 lunae
847 2777 986 2843 maxime
1002 2778 1149 2858 similem,
1174 2799 1245 2844 cum

208 2881 347 2946 eminent
371 2901 499 2962 cornua,
523 2882 663 2947 nondum
685 2891 785 2948 totum
809 2883 918 2948 orbem
949 2882 1055 2948 sidere
1083 2883 1248 2968 implente

206 2986 358 3050 Cercetae
389 2993 421 3051 et
443 2986 571 3070 Mosyni
603 2995 634 3051 et
658 2987 822 3072 Chalybes
854 3008 874 3053 a
902 2987 996 3052 laeva
1027 2995 1110 3068 sunt,
1142 2996 1173 3052 et
1203 2989 1243 3052 ab
1264 3012 1295 3062 17

206 3089 306 3153 altera
336 3097 427 3175 parte
456 3086 633 3173 Leucosyri
663 3098 694 3155 ct
724 3091 921 3156 Amazonum
952 3092 1073 3177 campi:
1106 3099 1137 3156 et
1160 3093 1241 3174 illos,

206 3214 269 3276 qua
290 3196 395 3278 vergit
417 3195 460 3259 ad
482 3196 738 3280 septentrionem,
767 3197 828 3262 hos
851 3197 894 3261 ad
917 3217 1065 3262 occasum
1089 3217 1244 3264 conversa

205 3305 398 3382 prospectat.
458 3299 546 3364 Mare
583 3299 745 3385 Caspium,
780 3300 904 3366 dulcius
938 3301 1061 3383 ceteris,
1102 3302 1242 3385 ingentis
1263 3324 1295 3374 18

204 3402 435 3484 magnitudinis
459 3411 623 3490 serpentes
646 3405 718 3468 alit:
743 3402 880 3488 piscium
902 3405 937 3470 in
960 3426 998 3470 ec
1021 3407 1118 3488 longe
1141 3407 1242 3473 diver-

204 3524 260 3570 sus
283 3507 324 3571 ab
347 3505 419 3572 aliis
443 3508 530 3573 color
552 3515 610 3573 est.
658 3509 795 3585 Quidam
818 3509 979 3593 Caspium,
1008 3509 1138 3592 quidam
1160 3512 1241 3597 Hyr-

205 3610 332 3675 canium
354 3613 534 3697 appellant:
565 3613 622 3677 alii
645 3620 727 3698 sunt,
758 3614 810 3696 qui
834 3613 1003 3679 Maeotiam
1032 3615 1182 3698 paludem
1208 3619 1240 3684 in

204 3714 238 3779 id
262 3715 378 3780 cadere
401 3724 514 3802 putent
538 3725 569 3782 et
592 3725 815 3800 argumentum
838 3719 982 3800 afferant,
1006 3740 1131 3802 aquam,
1155 3724 1240 3803 quod

205 3819 328 3918 dulcior
351 3820 392 3886 sit
415 3842 510 3903 quam
541 3829 648 3887 cetera
678 3823 787 3901 maria,
820 3822 926 3887 infuso
956 3826 1083 3906 paludis
1107 3825 1240 3894 humore
