2976 4322
248 177 312 242 200
644 172 674 237 o.
695 168 909 224 6111111111

199 397 230 446 13
353 380 411 444 His
423 377 535 443 animis
551 397 660 459 regem
676 375 851 458 audierunt,
868 376 981 442 utiam
997 377 1121 462 cepisse
1138 377 1342 446 1611166142

249 483 446 552 viderentur:
471 480 654 563 dimissique
670 479 790 546 ferreos
807 499 933 561 euneos,
951 501 1030 563 quos
1045 482 1127 546 inter
1142 502 1222 547 saxa
1238 482 1289 546 de-

199 607 231 655 14
248 589 391 673 figerent,
407 585 593 668 validosque
623 584 716 650 funes
746 585 910 670 parabant.
958 585 1035 667 Res,
1059 586 1289 652 circumvectus

249 700 381 778 petram,
391 711 453 773 qua
461 689 588 754 minime
597 709 691 774 asper
699 709 737 753 ao
745 696 933 774 praeruptus
945 689 1049 755 aditus
1058 689 1235 771 videbatur,
1245 710 1291 755 se-

251 795 356 862 cunda
386 794 503 878 vigilia,
535 793 620 876 quod
650 793 731 858 bene
761 801 907 875 verteret,
939 794 1065 878 ingredi
1095 795 1191 860 iubet.
1240 795 1291 859 llli

251 899 408 965 alimentis
431 899 464 962 11
486 897 617 963 biduum
643 897 786 981 sumptis,
806 897 922 981 gladiis
952 897 1047 963 modo
1072 906 1167 981 atque
1190 897 1291 963 hastis

200 1024 231 1074 15
250 1004 372 1084 armati,
396 1002 501 1068 subire
536 1008 717 1086 coeperunt.
766 1001 814 1066 Ao
849 1002 950 1086 primo
984 1001 1118 1086 pedibus
1152 1003 1291 1086 ingressi

251 1114 339 1173 sunt:
363 1105 488 1186 deinde,
500 1111 535 1170 ut
556 1105 589 1168 in
605 1111 775 1189 praerupta
790 1113 977 1190 perventum
992 1113 1049 1186 est,
1073 1107 1127 1171 alii
1143 1107 1291 1171 manibus

252 1209 422 1277 eminentia
451 1229 530 1274 saxa
553 1208 710 1292 complexi
743 1210 890 1274 levavere
925 1217 1034 1291 semet,
1070 1211 1123 1274 alii
1157 1211 1291 1276 adiectis

252 1315 374 1380 funium
396 1313 518 1395 laqueis
542 1332 682 1394 evasere,
711 1311 847 1394 quidam,
872 1333 944 1377 eum
967 1333 1084 1379 euneos
1106 1313 1189 1379 inter
1213 1335 1293 1379 saxa

253 1418 428 1501 defigerent
461 1427 498 1480 ct
526 1414 653 1500 gradus,
689 1415 823 1481 subinde
858 1417 927 1499 quis
961 1417 1151 1483 insisterent.
1197 1418 1292 1482 Diem

203 1548 235 1598 16
253 1523 334 1586 inter
367 1527 485 1585 metum
518 1520 721 1603 laboremque
757 1528 1026 1605 consumpserunt.
1080 1523 1142 1587 Per
1176 1542 1292 1607 aspera

254 1625 349 1690 enisis
372 1623 499 1688 duriora
521 1624 692 1705 restabant,
718 1631 749 1688 et
773 1644 917 1688 creseere
933 1625 1065 1690 altitudo
1081 1632 1191 1710 petrae
1207 1623 1293 1690 vide-

254 1729 355 1793 batur.
402 1729 462 1791 llla
484 1747 560 1792 vero
590 1727 779 1792 miserabilis
810 1734 878 1792 erat
908 1727 1017 1810 facies,
1050 1749 1121 1794 cum
1149 1728 1180 1809 ii,
1214 1748 1292 1811 quos

255 1831 410 1897 instabilis
434 1830 552 1914 gradus
575 1830 743 1912 fefellerat,
775 1852 816 1895 ex
841 1831 1008 1916 praecipiti
1032 1831 1292 1898 devolverentur:

255 1957 330 2001 mox
368 1934 481 2000 eadem
517 1935 551 1998 in
588 1955 622 2000 se
659 1934 812 2019 patienda
848 1935 943 2000 alieni
977 1955 1069 2001 casus
1104 1935 1293 2002 ostendebat

206 2066 237 2117 17
257 2040 444 2123 exemplum.
502 2040 563 2103 Per
596 2038 654 2103 has
688 2045 795 2103 tamen
832 2038 1034 2104 difficultates
1069 2039 1227 2104 enituntur
1261 2040 1293 2103 11

256 2143 407 2208 verticem
440 2143 564 2224 montis,
603 2163 712 2208 omnes
746 2143 934 2226 fatigatione
969 2144 1142 2208 continuati
1175 2143 1293 2208 laboris

257 2247 372 2327 affecti,
408 2245 536 2328 quidam
576 2247 705 2310 mulcati
735 2254 825 2330 parte
859 2247 1078 2328 membrorum,
1114 2247 1294 2331 pariterque

208 2379 240 2430 18
258 2369 313 2414 eos
336 2357 368 2414 et
389 2370 454 2414 nox
477 2356 508 2413 61
531 2369 658 2414 somnus
682 2350 848 2434 oppressit.
896 2350 1009 2416 Stratis
1040 2351 1158 2434 passim
1188 2371 1296 2435 eorpo-

257 2453 343 2518 ribus
366 2453 398 2516 in
420 2453 513 2518 inviis
537 2460 569 2518 et
591 2453 712 2538 asperis
725 2473 882 2536 saxorum,
898 2454 1030 2538 periculi
1045 2455 1191 2520 instantis
1207 2454 1295 2518 obliti

258 2558 291 2622 in
324 2559 427 2622 lucem
457 2557 658 2639 quieverunt:
689 2557 881 2641 tandemque
912 2559 998 2624 velut
1029 2580 1071 2624 611
1093 2559 1157 2623 alto
1181 2579 1295 2642 sopore

259 2661 396 2742 excitati,
443 2662 583 2726 occultas
620 2661 841 2744 subiectasque
892 2663 970 2748 ipsis
1007 2664 1107 2728 valles
1144 2663 1296 2728 rimantes

261 2803 302 2812 —
317 2765 429 2848 ignari,
453 2765 486 2828 in
509 2786 571 2847 qua
593 2773 682 2849 parto
706 2773 815 2850 petrae
831 2773 920 2831 tanta
936 2768 984 2832 vis
1000 2767 1137 2832 hostium
1168 2766 1297 2831 condita

261 2876 345 2934 esset
358 2906 397 2914 -
410 2868 531 2934 fumum
546 2889 644 2954 specu
659 2869 742 2934 infra
757 2889 791 2934 se
813 2870 900 2954 ipsos
916 2872 1076 2936 evolutum
1097 2877 1294 2935 notaverunt.

210 3004 242 3054 19
261 2975 311 3037 Ex
334 2993 395 3055 quo
418 2973 612 3037 intellectum
630 2973 717 3037 illam
740 2973 876 3038 hostiurn
898 2975 1053 3039 latebram
1069 2994 1149 3039 esse.
1184 2975 1298 3056 Itaque

261 3076 360 3141 hastis
383 3077 569 3160 imposuere,
595 3076 680 3159 quod
710 3085 902 3142 convenerat
932 3079 1066 3162 signum.
1113 3079 1256 3160 Totoque
1281 3099 1298 3142 e

210 3213 244 3262 20
261 3201 391 3246 numero
410 3192 435 3243 11
459 3189 490 3246 et
508 3190 583 3244 XXX
606 3183 638 3245 in
668 3201 803 3246 ascensu
832 3182 976 3247 interisse
1000 3189 1186 3266 agnoscunt.
1219 3182 1298 3262 Rex,
1307 3183 1351 3255 43

262 3307 326 3350 non
356 3285 503 3370 cupidine
537 3287 639 3370 magis
674 3285 817 3370 potiundi
851 3286 912 3350 loei
946 3307 1041 3369 quam
1074 3286 1144 3351 vice
1179 3305 1298 3366 eorum,

215 3437 217 3441 -
263 3409 341 3472 quos
372 3388 414 3452 ad
444 3397 509 3454 tam
538 3390 741 3455 manifestum
770 3391 944 3475 periculum
974 3389 1299 3472 1116616166111611116,

262 3500 328 3558 toto
360 3492 410 3557 die
442 3495 606 3558 eacumina
639 3495 753 3560 montis
786 3495 911 3560 intuens
940 3495 1063 3560 restitit.
1109 3495 1214 3559 Noctu
1248 3492 1300 3557 de-

263 3621 357 3682 mum,
389 3622 460 3666 oum
490 3602 665 3667 obscuritas
696 3608 899 3684 conspectum
929 3601 1090 3664 oculorum
1119 3597 1299 3678 ademisset,
1341 3677 1344 3682 Ι

213 3733 245 3782 21
265 3708 307 3773 ad
330 3706 504 3772 curandum
527 3726 642 3792 eorpus
664 3706 804 3771 recessit.
828 3706 960 3770 Postero
984 3704 1044 3786 die,
1068 3702 1208 3767 nondum
1224 3702 1301 3767 satie

266 3820 352 3882 clara
375 3817 455 3893 luoe,
468 3815 586 3898 primus
608 3811 689 3893 vela,
716 3811 840 3893 signum
864 3809 949 3893 capti
963 3808 1099 3888 verticis,
1125 3805 1299 3891 conspexit.

1451 238 1467 501 l

1463 480 1469 581 l

1461 783 1466 805 f

1462 807 1468 917 q
