3040 4318
446 214 697 271 HISTORIARUM
714 211 928 270 suuxsuosl
946 211 970 264 V
989 215 1013 264 6.
1190 213 1252 279 107

212 422 307 506 gadis
323 423 380 489 sex
395 421 484 488 milia
498 422 663 488 talentum.
699 421 803 507 Cyrus
818 419 1007 504 Parsagada
1021 421 1131 487 urbem
1148 419 1254 486 condi·

211 527 320 593 derat:
345 497 640 611 quambilexandro
654 527 838 612 praefectus
861 525 930 591 eius
946 525 1088 591 Gobares
1111 523 1252 592 tradidit.

159 638 198 709 21
315 632 384 696 Rex
406 652 512 697 arcem
535 631 730 716 Persepolis,
765 630 868 698 tribus
891 627 1020 696 milibus
1044 629 1253 696 Macedonum
1273 643 1303 692 11

211 735 372 821 praesidio
395 735 525 817 relictis,
549 734 767 802 Nicarchiden
790 734 870 802 tueri
894 733 1079 800 1111111111*
1118 733 1253 800 Tiridati

211 859 347 923 quoque,
372 839 424 923 qni
450 860 564 923 gazam
582 835 768 921 tradiderat,
794 845 940 906 servatus
956 845 1006 904 ast
1021 833 1135 918 honos,
1160 857 1253 921 quem

210 943 299 1029 apud
320 944 462 1010 Dareum
491 944 665 1010 habuerat:
695 963 878 1028 magnaque
909 942 1068 1009 exercitus
1100 950 1191 1028 parts
1222 950 1253 1008 et

211 1047 447 1133 impedimentis
469 1047 513 1114 ibi
533 1047 653 1114 relictis
676 1048 889 1114 Parmeniona
912 1047 1141 1130 Craterumque
1163 1067 1253 1134 prae·

211 1152 300 1218 fecit.
345 1153 420 1237 lpse
451 1173 523 1218 cnm
552 1151 641 1217 milla
671 1151 832 1235 equitibus
862 1150 1070 1237 peditumque
1101 1152 1254 1237 expedita
1274 1163 1305 1213 12

211 1277 308 1321 manu
337 1257 519 1322 interiorem
550 1256 692 1322 Persidis
721 1257 887 1340 regionem
917 1255 977 1322 sub
1007 1256 1113 1341 ipsum
1143 1257 1254 1341 Vergi-

212 1360 327 1426 liarum
340 1385 342 1390 ’
356 1360 447 1426 sidus
478 1360 571 1446 petiit
600 1360 773 1443 multisque
802 1359 958 1426 imbribus
988 1365 1020 1424 et
1049 1379 1151 1446 prope
1176 1361 1254 1428 into-

211 1464 337 1529 lerabili
366 1471 559 1550 tempestate
590 1471 725 1530 vexatus
758 1463 934 1550 procedere
963 1471 1081 1546 tamen,
1117 1485 1178 1547 quo
1209 1463 1254 1530 in·

212 1567 355 1648 auderat,
385 1567 615 1652 perseveravit.
662 1567 802 1634 Ventum
833 1574 902 1634 erat
933 1567 976 1632 ad
1005 1567 1067 1633 iter
1089 1567 1253 1653 perpetuis
1273 1579 1305 1630 13

213 1668 352 1738 obsitum
389 1672 528 1751 nivibus,
573 1692 651 1755 quas
688 1672 819 1756 frigoris
856 1672 906 1738 vis
940 1669 1016 1755 gelu
1053 1672 1253 1755 astrinxerat,

212 1776 418 1859 locorumque
455 1777 586 1859 squalor
630 1784 663 1842 et
699 1775 888 1842 solitudines
933 1773 1040 1841 inviae
1085 1776 1255 1860 fatigatum

212 1879 346 1944 militem
375 1879 547 1965 terrebant,
582 1880 793 1946 humanarum
822 1901 928 1946 rerum
958 1880 1109 1946 terminos
1145 1900 1180 1946 se
1210 1881 1254 1946 vi·

212 1984 289 2049 dere
312 1983 503 2050 credentem.
551 1983 666 2050 Omnia
688 1991 781 2050 vasta
811 1990 908 2066 atque
938 1984 1008 2048 sine
1030 1983 1096 2050 ullo
1121 1983 1254 2050 humani

211 2088 318 2153 cultus
348 2087 485 2171 vestigio
519 2087 646 2154 attoniti
680 2086 886 2153 intuebantur
920 2095 960 2169 et,
996 2094 1168 2171 antequam
1199 2089 1255 2154 lux

211 2211 338 2275 quoque
369 2199 401 2258 et
434 2191 559 2258 caelum
593 2192 682 2277 ipsos
718 2189 901 2273 deficerent,
938 2192 1055 2257 reverti
1089 2192 1254 2258 iubebant.

210 2297 279 2362 Rex
314 2297 474 2380 castigare
507 2297 633 2362 territos
663 2296 852 2382 supersedit,
894 2303 1034 2362 ceterum
1068 2294 1138 2382 ipse
1171 2317 1253 2381 equo
1275 2315 1307 2364 14

211 2401 342 2467 desiluit
364 2401 527 2486 pedesque
558 2423 615 2487 per
645 2401 736 2468 nives
768 2408 800 2468 ct
830 2409 1015 2468 1111111111
1046 2402 1184 2485 glaciem
1211 2403 1255 2468 in·

210 2503 304 2588 gredi
342 2501 456 2589 coepit.
510 2505 713 2572 Erubuerunt
746 2525 809 2570 non
848 2505 938 2588 sequi
975 2505 1110 2589 primum
1149 2505 1253 2587 amici,

210 2607 328 2674 deinde
350 2609 515 2694 copiarum
537 2609 646 2694 duces,
668 2609 711 2674 ad
733 2609 880 2674 ultimum
902 2607 1038 2674 milites:
1069 2607 1254 2693 primusque

208 2732 277 2793 rex,
301 2712 436 2778 dolabra
458 2713 596 2795 glaciem
615 2713 829 2798 perfringens,
850 2713 911 2777 iter
940 2712 1002 2777 sibi
1032 2711 1118 2804 fecit,
1150 2733 1253 2779 exem-

209 2815 298 2900 plum
319 2815 406 2898 regis
429 2817 527 2881 ceteri
559 2815 672 2882 imitati
705 2822 787 2881 sunt.
835 2814 989 2895 Tandem,
1022 2816 1253 2900 propemodum
1272 2835 1304 2885 15

208 2919 314 2986 invias
338 2921 436 2985 silvas
471 2921 619 3002 emensi,
637 2920 769 2986 humani
804 2920 910 2986 cultus
944 2941 1017 2985 rara
1051 2921 1191 3003 vestigia
1225 2931 1257 2988 et

209 3022 331 3106 passim
355 3031 499 3089 errantes
522 3045 672 3109 pecorum
695 3044 814 3108 greges
837 3043 1017 3109 repperere.
1055 3024 1255 3091 1111111111,

209 3125 264 3207 qui
289 3126 409 3211 sparsis
432 3128 569 3210 tuguriis
599 3127 799 3207 habitabant,
832 3147 905 3192 11111
935 3147 970 3192 se
993 3128 1130 3194 callibus
1158 3128 1253 3196 inviis

210 3236 339 3314 saeptos
363 3249 434 3298 csse
457 3231 679 3313 credidissent,
703 3240 738 3297 ut
758 3251 955 3318 conspexere
971 3231 1112 3298 hostium
1128 3253 1255 3316 agmen,

208 3329 397 3416 interfectis,
433 3335 487 3418 qui
512 3336 657 3402 comitari
680 3336 841 3419 fugientes
867 3356 931 3401 non
955 3343 1112 3421 poterent,
1146 3337 1257 3404 devies

208 3445 333 3504 montes
364 3445 396 3504 et
424 3439 552 3506 nivibus
584 3441 705 3506 obsitos
737 3441 926 3526 petiverunt.
971 3440 1052 3506 Inde
1078 3461 1136 3525 per
1158 3442 1252 3507 collo·
1272 3458 1305 3508 16

212 3542 289 3624 quia
324 3543 523 3628 captivorum
558 3545 714 3630 paulatim
752 3544 878 3610 feritate
916 3544 1065 3627 mitigata
1096 3545 1257 3612 tradidere

212 3666 248 3712 se
269 3647 350 3730 regi.
395 3648 465 3713 Nee
485 3648 520 3714 in
543 3648 669 3714 deditos
692 3649 824 3732 gravius
847 3649 1037 3714 consultum.

317 3751 459 3818 Vastatis
485 3752 562 3818 inde
584 3753 672 3836 agris
695 3752 837 3818 Persidis
871 3752 1014 3835 vicisque
1037 3753 1252 3837 compluribus
1272 3769 1303 3818 17

212 3856 353 3922 redactis
376 3857 410 3922 in
433 3865 624 3950 potestatem
648 3865 779 3923 ventum
803 3865 852 3922 est
875 3857 908 3922 iu
923 3856 1104 3921 Mardorum
1128 3863 1256 3940 gentem
