2976 4322
283 216 535 272 HISTORIARUM
553 218 769 273 ALEXANDRI
787 220 866 274 Vllll
885 224 909 275 2.
1054 222 1117 286 253

105 420 329 488 1121122221112.
376 421 462 500 Quid
487 430 594 490 autern
615 423 757 506 interest,
789 425 922 492 totidem
945 427 1018 508 sint,
1043 434 1121 510 quot
1137 441 1172 491 20

105 527 185 590 lorus
206 524 322 607 habuit,
339 549 381 592 an
403 537 442 590 ΠΙ
457 527 553 612 milia,
576 548 647 593 cum
663 549 726 594 uno
749 534 805 594 aut
820 529 921 598 altero
944 531 1120 598 vulneratis

105 631 222 694 :eruatis
243 637 366 698 ceteros
388 631 421 696 in
444 631 555 715 fugam
578 632 758 698 declinari?
793 633 878 699 Dein
901 655 1022 720 paucos
1047 655 1120 718 quo·
1139 649 1170 698 21

105 731 213 820 112122]
229 734 427 801 incommode
443 731 574 820 regunt:
592 742 790 821 congregata
800 757 876 803 vero
892 743 939 804 tot
950 737 1039 803 milia
1050 739 1121 823 ipsa

105 858 122 901 e
143 837 267 919 elident,
292 839 346 904 ubi
369 859 429 905 nec
452 846 535 904 stare
558 859 616 906 nec
639 841 752 924 fuge’re
775 841 936 926 potuerint
959 841 1120 909 inhabiles

105 949 242 1007 aetorum
265 964 432 1028 corporum
462 943 571 1009 moles.
618 944 775 1028 Equidem
800 945 845 1011 sic
876 943 1028 1011 animalia
1058 946 1121 1012 ista

105 1047 264 1132 cntempsi,
289 1053 332 1128 ut,
357 1067 427 1113 eum
447 1049 599 1114 haberem
621 1049 701 1133 ipse,
723 1070 787 1114 11011
803 1049 1014 1134 opposuerim,
1040 1051 1119 1116 satis

105 1170 202 1216 narus
230 1152 302 1236 plus
332 1152 397 1218 suis
428 1173 524 1235 quam
554 1153 699 1218 hostibus
732 1152 864 1238 periculi
894 1153 1020 1219 inferre.
1076 1154 1120 1220 At
1138 1170 1171 1219 22

105 1255 164 1320 nim
201 1255 338 1338 equitum
375 1256 582 1342 peditumque
619 1257 787 1328 multitudo
825 1276 884 1322 vos
921 1260 1116 1324 commovet!

105 1360 160 1422 lum
189 1359 299 1444 paucis
322 1360 407 1426 enim
436 1381 581 1446 pugnare
608 1361 694 1426 soliti
717 1361 793 1426 estis
823 1368 856 1426 et
878 1379 962 1426 nunc
984 1361 1118 1446 primum

105 1463 274 1528 roonditam
304 1465 500 1530 sustinebitis
529 1465 671 1531 turbam!
718 1465 824 1531 Testis
854 1464 1012 1530 adversus
1042 1467 1118 1530 mul·
1138 1482 1171 1531 23

107 1567 248 1633 tudinem
282 1568 392 1634 invicti
427 1569 636 1635 Macedonum
671 1569 793 1636 rebonis
827 1569 981 1635 Granicus
1017 1571 1120 1637 amnis

105 1682 113 1737 t
144 1672 264 1754 Cilicia,
287 1673 442 1738 inundata
472 1695 582 1740 cruore
613 1675 790 1755 Persarum,
812 1681 844 1739 et
868 1672 997 1756 Arbela,
1031 1674 1120 1739 cuius

105 1777 181 1862 ampi
212 1776 409 1843 devictorum
442 1800 462 1842 2
491 1778 583 1843 110212
617 1777 743 1844 ossibus
777 1777 868 1844 strati
899 1785 983 1844 sunt.
1037 1778 1115 1846 Sero
1134 1794 1168 1842 24

105 1881 216 1946 ostium
253 1882 399 1965 legiones
437 1901 603 1947 numerare
641 1881 804 1965 coepistiS,
842 1888 1011 1966 postquam
1049 1883 1120 1948 soli·

105 1985 222 2050 udinem
254 1985 286 2050 in
317 1985 398 2051 Asia
427 1985 585 2052 vincendo
620 1985 750 2051 fecistis.
799 1983 878 2052 Cum
912 2007 969 2070 per
999 1986 1120 2051 Helles-

105 2097 210 2155 ontum
243 2089 479 2174 navigaremus,
510 2089 551 2156 de
582 2089 742 2175 paucitate
773 2097 882 2155 nostra
916 2091 1121 2173 cogitandum

110 2195 157 2259 it:
198 2182 281 2259 nunc
315 2213 373 2259 nos
408 2193 550 2277 Scythae
581 2200 764 2277 sequuntur,
799 2193 969 2259 Bactriana
1002 2194 1121 2260 auxilia

106 2305 205 2364 ,22220
241 2305 324 2379 sunt,
359 2299 472 2364 Dahae
506 2297 725 2383 Sogdianique
758 2298 842 2364 inter
878 2318 937 2362 nos
970 2298 1130 2364 militant

106 2405 150 2468 ’20
173 2409 282 2469 tamen
304 2402 350 2467 illi
377 2403 489 2468 turbae
513 2402 645 2468 confido.
692 2402 823 2468 Vestras
853 2423 964 2468 manus
987 2402 1121 2482 intueor,
1139 2423 1172 2472 25

106 2515 215 2572 >stram
239 2508 388 2573 virtutem
404 2529 516 2588 rerum,
542 2527 621 2590 quas
638 2515 785 2590 gesturus
801 2526 880 2588 sum,
900 2506 1016 2572 vadem
1031 2528 1121 2592 prae-

106 2632 214 2694 rmque
238 2611 351 2677 habeo.
399 2611 557 2688 Quamdiu
588 2612 753 2678 vobiscum
776 2612 809 2676 in
833 2611 903 2677 acie
934 2611 1035 2693 stabo,
1060 2631 1120 2677 nec

107 2717 135 2781 ei
160 2736 222 2780 nec
245 2715 385 2781 hostium
408 2717 566 2782 exercitus
597 2735 737 2782 numero.
784 2717 851 2782 Vos
877 2715 971 2782 modo
995 2715 1119 2781 animos

107 2820 151 2884 ihi
184 2821 300 2905 plenos
331 2820 507 2886 alacritatis
536 2842 573 2886 ac
605 2820 742 2886 fiduciae
776 2819 937 2885 adhibete.
984 2820 1059 2886 Non
1087 2820 1172 2888 11122

107 2925 185 2990 111112
224 2945 356 3010 operum
393 2925 601 3009 laborumque
637 2932 833 3007 nostrorum,
872 2924 929 2989 sed
964 2925 996 2988 in
1033 2925 1121 2990 exitu

107 3049 209 3094 umus.
258 3029 463 3094 Pervenimus
494 3029 637 3096 21120112
667 3034 769 3094 ortum
793 3035 825 3093 22
847 3027 1027 3094 Oceanum:
1059 3027 1120 3094 nisi

107 3141 183 3198 12222
218 3133 362 3216 ignavia,
394 3135 469 3200 inde
499 3135 637 3200 victores
667 3133 844 3219 perdomito
875 3132 938 3197 fine
967 3139 1120 3198 terrarum

108 3246 275 3304 vertemur
307 3239 341 3303 in
375 3239 519 3324 patriam.
572 3238 690 3319 Nolite,
723 3237 808 3321 quod
841 3233 924 3321 pigri
958 3237 1121 3320 agricolae

108 3343 207 3424 ciunt,
228 3351 370 3408 1112211102
385 3341 507 3408 fructus
525 3362 583 3428 per
597 3342 744 3407 inertiam
760 3341 906 3406 amittere
929 3361 947 3404 2
963 3341 1118 3407 1112111212.

108 3447 198 3512 aiore
223 3455 298 3512 sunt
321 3447 470 3531 periculis
493 3446 650 3532 praemia:
675 3444 766 3510 dives
790 3443 903 3509 eadem
927 3451 959 3508 et
982 3444 1120 3510 imbellis
1138 3460 1172 3510 21

108 3559 118 3615 2
144 3552 252 3634 regio.
299 3551 412 3633 Itaque
442 3571 505 3616 non
528 3557 594 3614 tam
616 3548 658 3613 ad
678 3547 814 3631 gloriam
835 3567 893 3613 vos
920 3547 1002 3613 duco
1026 3569 1121 3631 quam

109 3713 110 3716 ,
144 3654 316 3740 praedam.
363 3654 464 3737 Digni
494 3653 581 3733 estis,
613 3651 666 3735 qui
698 3671 784 3736 opes,
816 3670 895 3734 quas
925 3651 1005 3716 illud
1034 3673 1121 3717 mare

109 3758 226 3822 oribus
249 3756 381 3838 invehit,
412 3757 560 3822 reseratis
590 3756 624 3822 in
654 3755 801 3840 patriam,
825 3754 926 3838 digni,
958 3755 1011 3837 qui
1042 3754 1121 3819 nihil

109 3869 294 3948 expertum,
326 3861 406 3926 nihil
435 3867 523 3926 metu
552 3860 703 3926 omissum
731 3858 926 3942 relinquatis.
973 3860 1036 3923 Per
1064 3878 1121 3924 102
1139 3871 1174 3923 28
