3028 4322
314 286 335 348 2
699 289 729 354 Q.
749 289 857 344 CURTI
875 289 960 343 RUFI

312 501 419 572 menta
442 493 565 559 metiri:
589 515 623 560 se
646 494 729 560 scire
751 494 1017 579 inexpugnabiles
1040 514 1120 576 esse,
1144 494 1186 560 ad
1207 494 1352 559 ultimum

278 611 294 662 8
313 618 370 682 pro
394 596 457 663 fide
480 597 658 678 morituros.
706 597 857 666 Ceterum
880 611 916 665 ut
938 598 1165 665 circumsederi
1191 621 1297 665 arcem
1320 608 1353 664 et

312 701 418 766 omnia
441 699 503 768 sibi
526 701 559 766 in
582 702 652 768 dies
674 703 792 768 artiora
814 723 886 768 esse
909 703 1067 786 viderunt,
1097 703 1266 787 sexaginta
1288 703 1352 768 die-

310 825 380 869 rum
403 805 542 872 indutias
574 808 668 891 pacti,
693 815 737 889 ut,
768 807 829 874 nisi
860 808 944 872 intra
970 828 1025 874 eos
1048 808 1202 874 auxilium
1225 808 1353 873 Dareus

311 910 390 995 ipsis
424 911 573 989 misisset,
613 911 766 978 dederent
803 913 922 992 urbem,
960 919 1131 997 postquam
1163 912 1243 978 nihil
1276 912 1353 978 inde

311 1014 464 1099 praesidii
498 1015 689 1097 mittebatur,
725 1016 767 1083 ad
801 1016 1021 1102 praestitutam
1055 1017 1142 1082 diem
1176 1016 1353 1100 permisere

311 1138 346 1184 se
369 1119 447 1202 regi.
1362 1135 1364 1138 ·

278 1237 294 1286 9
417 1223 650 1308 Superveniunt
674 1225 791 1292 deinde
813 1225 913 1309 legati
929 1223 1172 1290 Atheniensium
1194 1231 1350 1310 petentes

311 1333 346 1391 ut
369 1329 453 1412 eapti
475 1327 561 1414 apud
585 1329 756 1395 Granicum
786 1350 913 1395 amnem
943 1330 1151 1395 redderentur
1174 1330 1244 1396 sibi.
1290 1329 1352 1396 Ille

311 1452 374 1496 non
397 1432 456 1498 hos
479 1433 583 1514 modo,
615 1433 792 1500 sedetiam
823 1435 946 1500 ceteros
970 1433 1110 1500 Graecos
1136 1433 1261 1499 restitui
1284 1431 1351 1499 suis

262 1549 294 1598 10
312 1535 471 1600 iussurum
494 1537 661 1622 respondit
685 1537 773 1602 finito
797 1539 926 1604 Persico
949 1539 1044 1605 bello.
1080 1537 1226 1603 Oetemm
1242 1535 1385 1606 Dareo?

249 1658 252 1663 ·
313 1639 492 1722 imminens,
529 1660 624 1722 quem
654 1641 795 1707 nondum
825 1643 1010 1728 Euphraten
1040 1662 1210 1726 superasse
1240 1661 1354 1726 cogno-

313 1752 414 1824 verat,
437 1744 577 1828 undique
601 1767 710 1812 omnes
728 1745 837 1831 copias
853 1746 1018 1828 contrahit,
1044 1747 1120 1811 totle
1135 1746 1256 1811 viribus
1272 1745 1352 1811 tanti

314 1849 391 1914 belli
415 1849 586 1916 dIscrimen
608 1850 760 1916 aditurus
1328 1906 1331 1912 .

268 1973 297 2022 11
421 1951 564 2038 Phrygia
588 1961 664 2037 crat,
688 1975 745 2041 per
769 1975 862 2037 quam
887 1954 1063 2022 ducebatur
1085 1953 1255 2033 exercitus,
1284 1954 1351 2038 plu-

265 2078 297 2128 ta
315 2059 402 2124 ribus
439 2058 520 2124 vicis
558 2077 653 2140 quam
698 2059 829 2126 urbibus
866 2060 1025 2142 frequens.
1087 2059 1176 2123 'Iunc
1212 2057 1351 2124 habebat

315 2163 453 2229 nobilem
478 2163 636 2245 quondam
659 2163 766 2229 Midae
795 2163 926 2247 regiam.
974 2163 1125 2228 Gordium
1155 2183 1271 2228 nomen
1301 2169 1351 2227 est

236 2313 238 2318 ,
315 2267 402 2334 urbi:
426 2286 520 2349 quam
544 2266 717 2350 Sangarius
740 2267 842 2332 amnis
864 2265 1070 2352 praeterfluit,
1093 2267 1162 2352 pari
1184 2266 1350 2331 intervallo

264 2389 295 2439 13
313 2370 447 2436 Pontico
479 2379 510 2436 et
540 2370 652 2437 Cilicio
682 2372 762 2436 mari
792 2371 971 2436 distantem.
1019 2370 1107 2435 Inter
1140 2369 1219 2435 haec
1252 2369 1350 2434 maria

311 2475 570 2558 angustissimum
595 2475 691 2541 Asiae
714 2475 853 2560 spatium
877 2494 950 2540 esse
974 2470 1194 2558 comperimus,
1215 2479 1349 2556 utroque

203 2651 205 2658 Α
311 2579 343 2644 in
366 2586 450 2645 artas
482 2577 592 2644 fauces
623 2579 836 2665 compellente
851 2585 977 2644 terram.
1025 2579 1116 2655 Quae
1147 2578 1222 2661 quia
1252 2577 1349 2642 conti-

312 2684 399 2750 nenti
421 2683 583 2763 adhaeret,
616 2683 674 2750 sed
696 2705 816 2768 magna
846 2704 886 2748 ex
916 2691 1007 2769 parte
1031 2683 1168 2765 cingitur
1189 2681 1347 2762 fluctibus,

312 2788 452 2874 speciem
475 2788 598 2854 insulae
622 2791 753 2873 praebet
775 2807 822 2868 ac,
850 2788 911 2853 nisi
935 2795 1030 2852 tenue
1054 2787 1223 2852 discrimen
1247 2781 1348 2851 obice-

261 2908 292 2957 14
311 2899 369 2974 ret,
400 2911 482 2974 quae
503 2912 587 2958 nunc
617 2892 731 2958 dividit
760 2892 867 2971 maria,
900 2890 1119 2960 committeret.
1166 2887 1348 2954 Alexander

311 2999 390 3064 urbe
413 2997 444 3062 in
476 2997 633 3062 dicionem
665 3016 753 3061 suam
783 2995 913 3060 redacta
943 2994 1028 3058 Iovis
1058 2993 1213 3078 templum
1242 2992 1345 3055 intrat.

312 3101 511 3184 Vehiculum,
544 3121 606 3184 quo
629 3099 791 3180 Gordium,
823 3099 929 3165 Midae
955 3105 1086 3183 patrem,
1119 3104 1247 3162 vectum
1278 3113 1348 3159 esse

311 3207 484 3286 constabat,
516 3203 652 3290 aspexit,
685 3204 772 3269 cultu
795 3203 881 3268 haud
911 3223 989 3268 sane
1011 3223 1031 3267 a
1053 3201 1219 3266 vilioribus
1240 3199 1348 3282 vulga-

262 3323 293 3373 15
312 3309 416 3392 tisque
439 3328 498 3374 usu
521 3308 706 3375 abhorrens.
754 3307 905 3372 Notabile
940 3313 1007 3370 crat
1033 3305 1154 3388 iugum,
1185 3303 1347 3369 astrictum

311 3412 526 3498 compluribus
550 3412 643 3477 nodis
667 3411 699 3476 in
724 3411 913 3496 semetipsos
930 3409 1102 3495 implicatis
1118 3416 1150 3474 et
1173 3406 1346 3474 celantibus

261 3531 292 3580 ro
311 3536 421 3582 nexus.
457 3515 574 3582 Incolis
591 3515 706 3580 deinde
729 3513 971 3592 affirmantibus,
996 3513 1115 3579 editam
1132 3531 1204 3577 esse
1220 3509 1346 3575 oraculo

311 3627 438 3702 sortem,
479 3619 576 3686 Asiae
613 3620 796 3704 potiturum,
835 3619 888 3702 qui
925 3616 1151 3703 inexplicabile
1188 3613 1345 3680 vinculum

311 3723 468 3806 solvisset,
500 3723 613 3810 cupido
644 3723 774 3790 incessit
803 3724 910 3788 arrime
941 3722 1035 3788 sortis
1066 3721 1135 3786 eius
1158 3718 1343 3804 explendae.

261 3841 291 3892 17
312 3827 404 3894 Circa
437 3847 547 3910 regem
582 3835 648 3893 crat
682 3833 713 3894 et
743 3827 911 3912 Phrygum
945 3826 1036 3891 turba
1067 3833 1099 3890 et
1129 3823 1344 3900 Macedonum,

312 3931 367 3998 illa
398 3930 616 4017 expectatione
649 3949 811 4016 suspensa,
842 3930 923 3996 haec
953 3929 1088 3996 sollicita
1120 3948 1160 3993 ex
1181 3923 1343 3992 temeraria
