2976 4322
268 147 332 212 206
659 149 689 215 q.
710 147 818 201 cunm
837 147 924 202 nuni

216 373 249 425 38
370 354 459 420 Nihil
481 376 522 419 ex
545 354 688 420 omnibus
707 354 884 419 inconsulte
903 375 941 418 ac
960 361 1079 420 temere
1091 354 1183 418 iactis
1194 352 1346 436 regem5

267 459 370 542 magis
381 466 524 524 moverat
533 480 627 541 quam
638 459 856 524 Parmenionis
865 459 1063 524 cumhonore
1075 459 1192 523 mentio
1208 459 1309 522 illata.

268 564 419 629 Dolorem
438 569 545 628 tamen
564 585 621 628 rex
637 564 760 648 pressit,
782 570 948 628 contentus
963 563 1101 644 iussisse,
1115 569 1149 628 ut
1161 562 1309 628 convivio

216 677 249 728 39
268 667 446 733 excederet.
485 668 553 733 Nec
567 667 735 750 quicquam
747 667 833 733 aliud
845 667 961 732 adiecit
974 689 1069 750 quam
1080 668 1214 733 forsitan
1226 689 1309 748 eum,

267 771 294 836 si
310 771 426 837 diutius
440 773 562 836 locutus
579 771 669 852 foret,
684 774 945 856 exprobraturum
964 772 1024 837 sibi
1047 772 1145 838 fuisse
1170 773 1269 837 vitam
1290 793 1311 836 a

267 876 437 961 semetipso
476 875 600 940 datam:
638 874 699 940 hoc
737 876 821 940 enim
855 875 990 960 superbe
1025 896 1122 960 saepe
1156 876 1304 940 iactasse.

214 988 249 1039 40
267 978 372 1061 Atque
394 980 483 1044 illum
506 986 707 1045 cunctantem
737 978 841 1045 adhuc
872 1000 1011 1063 surgere,
1044 980 1097 1062 qui
1119 980 1256 1066 proximi
1280 980 1311 1044 ei

267 1084 449 1165 cubuerant,
472 1084 596 1150 iniectis
619 1085 763 1149 manibus
787 1069 948 1168 iurgantes
968 1091 1197 1166 monentesque
1214 1105 1308 1149 cona-

215 1190 383 1253 libantur
416 1188 584 1254 abducere.
631 1189 730 1254 Clitus
761 1209 833 1254 cum
863 1189 1108 1270 abstraheretur,
1140 1188 1182 1253 ad
1205 1188 1308 1274 pristi-

267 1314 341 1357 nam
363 1293 547 1358 violentiam
569 1293 617 1358 ira
640 1313 763 1376 quoque
787 1292 922 1374 adiecta,
950 1314 1007 1358 suo
1029 1301 1159 1379 pectore
1182 1301 1308 1376 tergum

268 1396 350 1462 illius
374 1417 444 1462 esse
469 1396 644 1478 defensum,
674 1418 767 1478 nunc,
798 1405 966 1482 postquam
988 1399 1068 1462 tanti
1090 1398 1193 1463 meriti
1215 1419 1306 1482 prae·

267 1500 388 1565 teriorit
403 1507 536 1586 tempus,
562 1502 657 1567 etiam
672 1502 856 1567 memoriam
870 1501 1006 1566 invisam
1021 1522 1092 1567 esse
1119 1504 1305 1587 proclamat.
1358 1583 1364 1594 ι
1477 1493 1478 1514 ’

215 1611 248 1660 42
266 1604 365 1670 Attali
396 1625 520 1688 quoque
551 1606 683 1671 caedem
714 1605 872 1671 obiciebat
903 1613 934 1670 et
963 1606 1005 1670 ad
1035 1606 1177 1671 ultimum
1208 1606 1307 1687 Iovis,

267 1729 360 1790 quem
376 1716 498 1794 patrem
514 1711 575 1776 sibi
590 1710 774 1776 Alexander
796 1717 962 1792 assereret,
988 1712 1149 1776 oraculum
1164 1710 1307 1792 eludens,

266 1814 391 1878 veriora
414 1835 448 1879 se
471 1815 541 1898 regi
564 1835 659 1897 quarn
690 1824 812 1902 patrem
843 1816 910 1881 eius
940 1814 1143 1900 respondisse
1167 1815 1304 1880 dicebat.

215 1923 248 1972 43
267 1919 336 1982 lam
359 1925 481 1984 tanturn
510 1919 577 1984 irae
607 1928 798 2006 conceperat
827 1941 893 2002 rex,
926 1927 1077 2002 quantum
1106 1920 1161 1984 vix
1184 1919 1308 1984 sobrius

267 2022 349 2087 ferre
373 2023 536 2107 potuisset.
560 2023 740 2106 Enimvero,
764 2024 838 2089 olim
861 2045 947 2089 mero
971 2024 1115 2088 sensibus
1139 2023 1242 2104 victis,
1266 2045 1306 2088 ex

216 2131 250 2180 44
275 2133 345 2190 ecto
364 2133 495 2211 repente
515 2127 667 2211 prosiluit.
702 2127 836 2192 Attoniti
859 2127 952 2192 amici
975 2149 1015 2192 ne
1037 2127 1148 2212 positis
1166 2126 1303 2209 quidem,

267 2229 320 2294 led
342 2231 475 2296 abiectis
505 2231 626 2315 poculis
650 2239 852 2315 consurgunt,
883 2232 915 2296 in
943 2239 1090 2297 eventum
1122 2231 1177 2312 rei,
1210 2252 1305 2313 quam

215 2340 248 2390 45
268 2341 359 2399 santo
393 2335 513 2420 impetu
546 2343 672 2400 actums
707 2344 799 2418 esset,
834 2337 955 2401 intenti.
1002 2335 1185 2400 Alexander
1218 2343 1311 2419 rapta

267 2445 381 2504 tancca
404 2461 445 2504 ex
456 2439 601 2505 manibus
624 2441 772 2523 armigeri
788 2441 913 2522 Clitum,
929 2440 1034 2505 adhuc
1050 2440 1162 2505 eadem
1178 2440 1306 2523 linguae

266 2543 521 2628 lintemperantia
550 2543 715 2625 furentem,
735 2552 899 2630 percutere
930 2551 1060 2610 conatus
1083 2567 1103 2608 a
1125 2545 1310 2609 Ptolomaeo

216 2655 250 2705 46
269 2656 301 2714 et
323 2647 478 2713 Perdicca
500 2648 667 2713 inhibetur.
707 2649 848 2714 Medium
871 2648 1040 2733 complexi,
1064 2648 1218 2713 obluctari
1241 2668 1311 2732 per-

271 2759 470 2818 severantem
492 2753 713 2817 morabantur:
737 2752 945 2836 Lysimachus
968 2759 1000 2816 et
1014 2751 1196 2816 Leonnatus
1212 2751 1310 2816 etiam

217 2864 250 2914 47
270 2859 414 2921 lanceam
437 2857 641 2922 abstulerant.
666 2858 734 2938 Ille,
758 2857 891 2921 militum
913 2856 1008 2921 tidem
1027 2857 1209 2942 implorans,
1228 2877 1311 2920 oom-

269 2961 423 3046 prehendi
454 2982 488 3026 se
519 2983 538 3025 a
569 2961 721 3046 proximis
752 2961 932 3041 amicorum,
965 2961 1049 3043 quod
1071 2962 1178 3026 Dareo
1208 2981 1311 3045 nuper

231 3117 235 3122 .
269 3065 447 3146 accidisset,
473 3066 631 3129 exclamat
654 3065 842 3148 signumque
865 3064 942 3130 tuba
965 3065 1042 3146 dari,
1066 3071 1105 3131 ut
1123 3065 1165 3129 ad
1187 3065 1310 3148 regiam

219 3181 253 3232 48
271 3168 383 3232 armati
419 3168 546 3249 coirent,
581 3169 677 3234 iubet.
724 3168 807 3234 Turn
836 3190 912 3234 vero
942 3170 1144 3234 Ptolomaeus
1175 3176 1207 3233 et
1237 3170 1310 3233 Per·

271 3272 378 3338 diceas
408 3273 543 3356 genibus
566 3273 708 3338 advoluti
735 3279 834 3354 orant,
865 3295 906 3338 ne
928 3273 961 3338 in
984 3280 1049 3338 tam
1072 3273 1239 3358 praecipiti
1261 3273 1310 3338 ira

270 3384 452 3461 perseveret
475 3377 673 3461 spatiumque
696 3377 800 3461 potius
824 3377 928 3442 animo
953 3377 1022 3442 det:
1054 3378 1160 3442 omnia
1181 3385 1309 3463 postero

119 3549 122 3556 ,
220 3494 254 3545 49
273 3481 325 3546 die
354 3481 466 3546 iustius
498 3488 710 3546 executurum.
759 3481 824 3546 Sed
854 3483 981 3547 clausae
1012 3489 1101 3547 erant
1131 3501 1223 3546 aures
1257 3482 1310 3547 ob-

271 3592 430 3670 strepente
452 3585 508 3650 ira.
555 3586 667 3667 Itaque
689 3585 846 3670 impotens
869 3586 965 3651 animi
984 3587 1138 3671 procurrit
1152 3585 1185 3650 in
1200 3585 1309 3670 regiae

271 3689 461 3755 vestibulum
485 3689 628 3771 strigili
659 3689 829 3754 excubanti
858 3690 951 3755 hasta
981 3691 1088 3755 ablata
1115 3690 1254 3755 constitit
1275 3690 1309 3754 in

271 3791 368 3872 aditu,
394 3813 455 3874 quo
471 3812 602 3857 necesse
619 3800 686 3856 erat
701 3790 759 3874 his,
784 3793 837 3876 qui
852 3792 944 3858 simul
960 3800 1160 3874 cenaverant,
1185 3792 1306 3876 egredi.
