2976 4322
422 201 674 255 HISTORIARUM
691 199 910 253 ALEXANDRI
929 199 980 251 Vll
1000 203 1023 252 2.
1184 202 1243 265 171

200 409 390 492 requirebat.
436 409 495 474 Ille
531 429 571 474 ex
604 407 682 492 ipsis
713 406 830 472 litteris
862 406 1060 490 cogniturum
1096 427 1168 474 cssc
1201 429 1247 473 re-

201 512 337 598 spondit.
385 513 507 592 Quibus
537 513 726 578 Parmenion
758 511 860 592 lectis,
893 511 1000 592 ‘ch',
1036 511 1147 595 inquit,
1179 514 1245 578 ‘en
1264 527 1297 577 26

200 616 394 702 peditionem
431 624 523 702 parat
559 617 592 681 in
626 615 828 682 Arachosios.
876 615 1047 681 Strenuum
1084 616 1245 682 hominem

200 727 232 786 et
254 742 424 805 numquam
447 722 642 787 cessantem!
677 720 743 787 Sed
767 728 900 805 tempus,
931 721 1025 786 saluti
1056 731 1133 786 suae
1156 727 1247 785 tanto

199 826 262 890 iam
292 833 382 910 parta
411 826 514 909 gloria
542 827 695 910 parcere?
748 824 891 890 Alteram
928 823 1045 890 deinde
1080 824 1247 908 epistolam
1265 841 1299 890 27

199 929 344 995 Philotae
367 930 493 996 nomine
523 930 675 1014 scriptam
704 931 816 1010 laetus,
848 928 933 1011 quod
962 949 1003 993 ex
1025 929 1116 994 vultu
1137 928 1244 993 notari

201 1041 333 1118 poterat,
364 1035 503 1117 legebat.
528 1034 610 1099 'Pom
632 1034 701 1099 cius
720 1035 803 1099 latus
827 1033 935 1118 gladio
958 1033 1063 1100 haurit
1079 1031 1242 1114 Cleander,

202 1138 317 1204 deinde
332 1139 475 1222 iugulum
490 1138 580 1204 ferit:
597 1139 695 1204 ceteri
711 1139 890 1203 exanimum
906 1156 1032 1220 quoque
1047 1136 1243 1202 confodiunt.

170 1240 189 1312 9
306 1243 348 1307 Et
384 1243 541 1326 armigeri,
576 1242 630 1326 qui
667 1241 710 1308 ad
742 1242 863 1307 aditum
902 1241 1040 1306 nemoris
1066 1241 1241 1322 astiterant,
1263 1261 1297 1312 28

201 1346 332 1430 cognita
376 1346 484 1428 caede,
527 1347 615 1412 cuius
660 1367 758 1412 eausa
801 1346 1015 1429 ignorabatur,
1061 1345 1095 1409 in
1140 1351 1246 1410 castra

201 1451 388 1535 perveniunt
431 1458 463 1516 et
510 1451 703 1516 tumultuoso
752 1451 862 1515 nuntio
906 1449 1024 1514 milites
1072 1449 1244 1515 concitant.

199 1555 251 1619 Illi
277 1555 390 1620 armati
427 1554 469 1620 ad
499 1573 621 1636 nemus,
652 1555 684 1621 in
709 1574 772 1638 quo
804 1561 988 1640 perpetrata
1018 1552 1135 1620 caedes
1166 1561 1297 1635 cratae

201 1666 318 1724 coeunt
358 1665 398 1740 et,
436 1659 469 1723 ni
507 1658 702 1742 Polydamas
747 1659 908 1741 ceterique
954 1658 1097 1724 eiusdem
1141 1678 1246 1723 noxae

201 1763 374 1849 participes
398 1763 564 1844 dedantur,
597 1783 721 1828 murum
752 1763 982 1828 circumdatum
1012 1763 1133 1828 nemori
1160 1783 1246 1827 ever-

202 1887 294 1934 suros
332 1867 519 1932 denuntiant
553 1867 758 1950 omniumque
795 1867 951 1950 sanguine
990 1866 1063 1931 duci
1101 1873 1247 1951 parenta-

118 2015 120 2018 -
201 1980 298 2040 turos.
345 1971 502 2037 Cleander
527 1971 682 2056 primores
710 1992 821 2037 eorum
850 1970 1015 2036 intromitti
1044 1970 1132 2035 iubet
1162 1970 1241 2035 litte·
1261 1991 1296 2041 30

201 2094 317 2158 raeque
338 2075 424 2158 regis
447 2075 582 2159 scriptas
611 2074 654 2140 ad
676 2075 793 2140 milites
816 2075 936 2156 recitat,
970 2075 1086 2157 quibus
1109 2074 1245 2140 insidiae

202 2179 421 2244 Parmenionis
443 2179 477 2244 in
499 2200 610 2262 regem
632 2199 817 2264 precesque,
850 2171 885 2244 ut
907 2179 1013 2264 ipsum
1035 2178 1243 2261 vindicarent,

202 2283 453 2348 continebantur.
487 2283 589 2366 Igitur
611 2283 741 2366 cognita
755 2283 842 2367 regis
857 2283 1020 2348 voluntate
1035 2304 1100 2348 non
1117 2281 1245 2366 quidem
1263 2302 1294 2352 31

202 2387 388 2470 indignatio,
413 2387 471 2452 sed
499 2394 606 2452 tamen
636 2387 751 2452 seditio
782 2407 967 2472 compressa
995 2393 1053 2452 cst.
1103 2387 1245 2471 Dilapsis

202 2491 345 2577 pluribus
367 2491 462 2574 pauci
491 2498 719 2572 remanserunt,
744 2491 805 2573 qui,
830 2491 943 2556 saltem
965 2499 1000 2556 ut
1029 2511 1144 2576 corpus
1167 2491 1244 2575 ipsis

203 2594 338 2679 sepelire
362 2594 588 2678 permitterent,
613 2596 834 2679 precabantur.
874 2595 938 2658 Diu
960 2594 994 2658 id
1018 2602 1170 2677 negatum
1193 2603 1294 2662 33133

204 2697 353 2764 Cleandri
375 2705 470 2779 metu,
495 2719 536 2764 nc
559 2697 735 2764 offenderet
757 2719 877 2782 regem.
912 2699 1111 2764 Pertinacius
1127 2698 1244 2764 deinde

202 2803 416 2887 precantibus,
428 2803 593 2868 materiem
609 2803 872 2868 consternationis
884 2803 1133 2869 subtrahendam
1146 2811 1243 2885 ratus,

203 2907 307 2992 capite
331 2902 438 2972 deciso
461 2914 608 2971 truncum
624 2907 755 2972 humare
778 2907 938 2991 permisit:
963 2905 1005 2972 ad
1020 2928 1130 2992 regem
1147 2917 1242 2993 caput
1261 2925 1294 2975 33

203 3011 334 3076 missum
357 3017 414 3076 cst.
1068 2999 1069 3003 ¹

307 3111 368 3179 Hic
381 3114 495 3180 *exitus
510 3115 730 3180 Parmenionis
754 3115 822 3196 fuit,
845 3115 977 3180 militiae
1000 3115 1149 3198 domique
1165 3116 1243 3182 clari

203 3219 272 3285 viri.
325 3219 426 3284 Multa
462 3220 532 3285 sine
568 3241 646 3304 rcgc
683 3241 844 3306 prospere,
879 3241 936 3286 rex
972 3221 1041 3286 sine
1073 3221 1129 3286 illo
1163 3221 1243 3286 nihil

203 3315 341 3407 magnae
374 3324 421 3389 rei
455 3332 610 3408 gesserat.
658 3325 857 3391 Felicissimo
892 3326 961 3409 regi
995 3333 1027 3391 et
1061 3326 1169 3391 omnia
1201 3327 1244 3392 ad

203 3428 349 3494 fonunae
382 3448 458 3494 suae
493 3428 633 3511 exigenti
668 3429 798 3494 modum
831 3429 994 3495 satisfecit.
1047 3440 1121 3493 Lxx
1150 3439 1243 3497 natus

203 3552 314 3613 annos,
345 3542 381 3594 at
406 3531 540 3612 iuvenis,
568 3531 658 3597 ducis
686 3541 716 3597 et
740 3552 838 3619 saepe
862 3534 957 3598 etiam
973 3534 1112 3616 gregarii
1135 3534 1242 3600 militis

203 3637 310 3700 munia
345 3635 502 3720 explevit:
540 3657 615 3701 acer
648 3637 789 3718 consilio,
828 3659 923 3702 manu
957 3645 1111 3718 strenuus,
1150 3659 1242 3704 carus

204 3727 408 3824 principibus,
440 3740 539 3824 vulgo
569 3741 704 3805 militum
735 3742 905 3826 acceptior.
941 3743 1030 3807 Haec
1060 3743 1241 3827 impulerint
1260 3755 1293 3804 34

205 3844 295 3908 illum
306 3843 355 3910 ad.
372 3845 462 3926 regni
485 3844 693 3930 cupiditatem
708 3867 750 3910 an
765 3853 886 3910 tantum
901 3853 1084 3931 suspectum
1100 3846 1241 3928 fecerint,
