2976 4322
399 231 651 287 HISTORIARUM
668 229 884 284 ALEXANDRI
902 230 953 282 VH
974 233 1014 283 11.
1135 229 1197 294 201

163 435 228 501 Sed
250 458 290 501 ne
313 435 476 502 falleretur
498 435 764 517 acies,'dubitare
787 435 924 519 cogebat
947 434 1084 500 varietas
1108 435 1199 517 caeli,

161 560 243 604 nunc
273 540 476 606 internitente
506 541 585 608 lueis
615 539 751 623 fulgore,
781 561 869 603 acme
898 539 1035 604 condito.
1082 539 1199 604 Verum

160 650 194 708 ut
215 642 363 725 liquidior
384 645 438 708 lux
469 643 616 729 apparuit
646 644 744 723 caelo,
776 642 931 707 dubitatio
962 649 1111 728 exempta
1133 649 1198 708 est:

160 753 368 830 vocatumque
407 747 548 832 Cophen,
594 768 651 832 per
695 768 788 829 quem
833 746 1039 812 barbarorum
1076 747 1198 812 animos
1217 768 1250 818 22

159 857 378 935 temptaverat,
410 852 505 917 mittit
535 851 578 916 ad
607 871 671 932 eos,
707 851 760 933 qui
789 858 941 933 moneret,
971 872 1055 916 nunc
1085 852 1198 916 saltem

159 954 314 1020 salubrius
337 955 502 1020 consilium
524 955 655 1020 inirent:
679 955 728 1020 sin
750 963 856 1020 autem
877 955 994 1020 fiducia
1015 955 1078 1020 loci
1093 975 1197 1040 perse·

159 1065 313 1140 vorarent,
345 1059 469 1124 ostendi
492 1081 512 1124 a
534 1053 625 1143 tergo
649 1059 747 1140 iussit,
780 1059 833 1141 qui
860 1066 1012 1145 ceperant
1033 1059 1194 1124 verticem.

157 1162 283 1247 Cophes
306 1162 463 1229 admissus
486 1163 620 1230 suadere
633 1164 738 1248 coepit
754 1163 893 1228 Arimazi
916 1170 1039 1248 petram
1057 1163 1194 1245 tradere,
1214 1184 1247 1236 23

157 1266 292 1348 gratiam
314 1267 401 1350 regis
423 1267 548 1349 inituro,
579 1267 606 1333 si
635 1274 741 1332 tantas
770 1287 821 1332 res
844 1267 1026 1332 molientem
1048 1266 1082 1331 in
1103 1267 1195 1333 unius

156 1371 242 1454 rupis
277 1370 442 1436 obsidione
476 1371 608 1437 haerere
642 1393 706 1436 non
740 1372 907 1455 coegisset.
965 1372 1034 1453 Ille,
1057 1371 1195 1437 ferocius

156 1474 385 1559 superbiusque
415 1495 510 1557 quam
540 1483 636 1540 antea
665 1476 797 1556 locutus,
816 1475 905 1540 abire
936 1473 1068 1560 Cophen
1097 1475 1193 1540 iubet.

155 1576 198 1642 At
219 1577 247 1643 is
269 1599 419 1664 prensum
448 1600 544 1644 manu
573 1579 744 1645 barbarum
773 1587 874 1662 rogat,
905 1586 940 1644 ut
970 1599 1078 1644 seeum
1105 1586 1195 1644 extra
1213 1605 1247 1655 24

155 1701 285 1765 specum
318 1681 461 1767 prodeat.
509 1683 579 1760 Quo
602 1683 770 1768 impetrato
804 1683 936 1748 iuvenes
965 1683 998 1747 in
1029 1683 1192 1749 cacumine

155 1785 293 1851 ostendit
315 1796 353 1868 et,
366 1787 434 1852 eius
457 1787 624 1872 superbiae
648 1787 735 1852 haud
746 1787 902 1853 immerito
917 1787 1063 1869 illudens,
1080 1788 1193 1872 pinnas

155 1889 273 1955 babere
307 1891 351 1955 ait
384 1891 500 1956 milites
534 1891 719 1957 Alexandri.
774 1893 906 1974 Iamque
937 1915 953 1955 c
982 1891 1193 1957 Macedonum
1211 1916 1245 1967 25

154 1995 266 2060 eastris
296 1994 458 2078 signorum
488 2003 660 2061 concentus
695 2003 727 2061 et
759 1997 856 2061 totius
886 1997 1044 2061 exercitus
1075 1998 1194 2061 clamor

153 2098 349 2164 audiebatur.
384 2098 433 2164 Ea
454 2119 514 2181 res,
539 2099 620 2165 sicut
642 2101 793 2186 pleraque
817 2101 892 2166 belli
914 2122 999 2166 vana
1022 2109 1054 2166 et
1075 2100 1191 2183 inania,

153 2202 306 2268 barbaros
336 2203 379 2268 ad
409 2203 603 2269 deditionem
633 2205 747 2269 traxit:
782 2205 899 2291 quippe
929 2206 1076 2290 occupati
1107 2213 1193 2271 metu

153 2307 346 2390 paucitatem
375 2327 492 2389 eorum,
528 2309 581 2390 qui
614 2330 635 2373 a
667 2317 758 2393 tergo
794 2317 892 2391 erant,
927 2311 1095 2376 aestimare
1129 2331 1193 2374 non

152 2417 307 2495 poterant.
355 2412 468 2494 Itaque
492 2412 625 2499 Cophen
651 2452 687 2461 -
713 2436 787 2478 nam
810 2414 1006 2499 trepidantes
1022 2415 1193 2497 reliquerat
1212 2442 1245 2492 26

152 2551 194 2562 -
217 2521 344 2580 strenue
366 2524 519 2581 revocant
549 2524 582 2582 et
608 2538 680 2583 cum
703 2540 741 2584 eo
766 2529 843 2582 XXX
865 2519 1025 2603 principes
1054 2520 1190 2601 mittunt,

152 2619 205 2701 qui
228 2626 351 2702 petram
373 2621 501 2686 tradant
523 2629 563 2702 et,
587 2630 622 2687 ut
636 2623 844 2688 incolumibus
871 2624 958 2689 abire
981 2623 1084 2704 liceat,
1108 2624 1192 2708 paoi-

151 2730 287 2788 scantur.
312 2724 370 2789 Ille
394 2745 584 2808 quamquam
599 2727 776 2808 verebatur,
800 2749 841 2792 ne
857 2735 1029 2812 conspecta
1043 2728 1191 2793 iuvenum
1210 2755 1243 2804 27

65 2825 69 2833 '
150 2827 311 2911 paucitate
346 2828 551 2895 deturbarent
585 2851 640 2896 eos
675 2832 810 2914 barbari,
842 2840 959 2914 tamen,
983 2840 1015 2898 et
1044 2834 1189 2899 fortunae

150 2952 227 2996 suae
251 2932 388 2998 confisus
411 2941 443 2998 et
465 2934 605 3000 Arimazi
635 2936 802 3021 superbiae
825 2937 982 3023 infensus,
1013 2939 1131 3003 nullam
1155 2959 1189 3004 se

149 3035 369 3102 condicionem
407 3036 576 3103 deditionis
612 3040 759 3126 accipere
796 3040 969 3125 respondit.
1026 3039 1189 3107 Arimazes
1209 3065 1242 3116 28

149 3138 326 3224 desperatis
357 3141 460 3225 magis
491 3163 585 3225 quam
618 3144 750 3229 perditis
780 3146 874 3210 rebus
906 3166 977 3210 oum
1007 3147 1190 3231 propinquis

147 3243 418 3328 nobilissimisque
449 3249 554 3329 gentis
586 3269 663 3314 suae
694 3249 860 3315 descendit
894 3251 926 3313 in
956 3258 1077 3315 castra:
1112 3271 1191 3332 quos

148 3349 251 3413 omnis
292 3350 478 3416 verberibus
513 3351 646 3418 affectos
682 3353 741 3418 sub
775 3355 852 3438 ipsis
885 3354 1045 3419 radicibus
1079 3362 1189 3441 petrae

148 3452 294 3518 crucibus
317 3454 408 3519 iussit
441 3455 540 3540 affigi.
587 3458 754 3523 Multitudo
786 3458 964 3525 deditorum
993 3460 1104 3525 incolis
1134 3482 1187 3526 no·
1205 3479 1239 3530 29

147 3576 259 3621 varum
282 3557 406 3623 urbium
429 3579 500 3624 cum
524 3562 660 3645 pecunia
683 3569 779 3647 capta
801 3562 884 3628 dono
909 3563 984 3628 data
1007 3571 1064 3644 est,
1099 3563 1189 3629 Arta-

148 3661 247 3726 bazus
277 3662 310 3726 in
341 3671 452 3748 petrae
486 3666 697 3749 regionisque,
734 3688 814 3750 quae
848 3669 995 3754 apposita
1029 3676 1113 3734 esset
1147 3671 1184 3752 ei,

145 3767 278 3831 tutelam
299 3766 437 3833 relictus.

565 3931 770 3938 —.—.-———
