2970 4322
325 173 575 230 HISTORIARUM
593 171 808 226 ALEXANDRI
825 171 904 224 VIIII
923 175 946 226 5.
1090 171 1154 238 263

154 382 298 467 perfregere
322 400 445 446 murum
469 386 510 461 21,
534 399 597 461 qna
619 376 720 444 moliti
744 383 834 442 erant
860 377 990 458 aditum,
1013 376 1154 462 irrupere

152 487 178 551 in
204 487 294 552 urbem
335 484 494 566 Indosque
535 484 641 568 plures
675 481 833 565 fugientes
874 501 969 564 quam
1002 480 1153 565 congredi

150 609 224 655 ausos
248 588 433 655 ceciderunt.
480 585 554 652 Non
584 585 723 667 senibus,
753 606 817 650 non
851 585 986 668 leminis,
1016 606 1081 650 non
1110 582 1155 650 in·
1174 603 1208 653 20

148 693 260 759 lantibus
274 692 427 778 parcitur:
452 691 593 774 quisquis
609 697 797 771 occurrerat,
821 687 934 755 abillo
956 691 1157 757 vulneratum

145 817 234 880 regem
255 817 322 863 esse
338 793 518 861 credebant.
565 793 772 876 Tandemque
787 794 1001 860 internecione
1016 793 1155 859 hostium

142 902 227 966 iustae
251 901 314 966 irae
348 906 550 986 parentatum
582 905 639 968 est.
694 899 924 980 Ptolomaeum,
960 898 1014 982 qui
1044 906 1155 984 postea
1173 915 1205 964 21

139 1005 273 1088 regnavit,
307 1003 379 1068 huic
413 1023 542 1088 pugnae
576 1001 705 1067 affuisse
738 1008 849 1068 auctor
882 1010 930 1069 est
972 1001 1154 1068 Clitarchus

137 1116 164 1172 et
177 1109 363 1191 Timagenes.
409 1104 473 1172 Sed
493 1106 571 1191 ipse,
596 1104 717 1171 scilicet
732 1105 854 1189 gloriae
878 1126 954 1172 suae
973 1127 1037 1172 non
1059 1106 1156 1172 refra-

132 1219 223 1296 gatus,
253 1211 370 1276 aluisse
393 1230 437 1295 se,
474 1209 605 1274 missum
638 1209 671 1274 in
706 1209 951 1294 expeditionem,
981 1211 1155 1276 memoriae

130 1315 253 1380 tradidit.
287 1315 393 1379 Tanta
408 1313 665 1398 componentium
683 1319 810 1378 vetuste
824 1334 930 1378 rerum
951 1321 1156 1380 monumenta

129 1421 176 1486 vel
196 1419 342 1484 securitas
365 1418 430 1499 vel,
453 1439 511 1503 par
533 1415 607 1482 huic
629 1417 750 1499 vitium,
774 1418 944 1484 credulitas
967 1419 1036 1484 fuit.

74 1525 117 1596 22
221 1523 306 1607 Rege
330 1523 363 1587 in
386 1521 629 1587 tabernaculum
663 1521 764 1587 relato
797 1522 915 1587 medici
948 1523 1073 1606 lignum
1108 1543 1157 1588 sa·
1175 1540 1213 1588 22

119 1627 216 1712 gittae
237 1627 361 1712 corpori
384 1625 510 1707 infixae,
541 1626 587 1690 ita
608 1645 649 1690 ne
672 1626 833 1711 spiculum
864 1634 1057 1710 moveretur,
1075 1629 1156 1693 'ubs-

117 1732 234 1797 cidnnt.
280 1731 421 1816 Corpore
452 1728 569 1796 deinde
598 1729 720 1795 nudato
751 1730 1012 1798 animadvertunt
1041 1731 1154 1796 hamos
1174 1747 1207 1797 23

114 1836 220 1901 inesse
242 1835 315 1915 telo,
336 1855 397 1899 nec
420 1833 515 1898 aliter
536 1833 571 1898 id
593 1833 662 1900 sine
692 1833 833 1918 pernicie
856 1819 998 1920 corporis
1028 1833 1154 1900 extrahi

109 1959 217 2026 posse,
238 1959 336 2021 quam
358 1945 393 2002 nt
416 1937 556 2004 secando
578 1938 694 2003 vulnus
712 1944 882 2021 ¹augerent.
929 1937 1088 2020 Ceterum,
1114 1959 1155 2004 ne
1174 1955 1208 2004 24

109 2051 262 2110 secantes
295 2042 486 2128 profluvium
521 2040 688 2126 sanguinis
726 2049 906 2128 occuparet,
944 2045 1153 2110 verebantur:

103 2149 229 2234 quippe
265 2147 380 2232 ingens
413 2147 513 2212 telum
547 2146 698 2212 adactum
733 2154 802 2212 erat
837 2153 868 2212 et
897 2154 1087 2232 penetrasse
1121 2147 1154 2213 in

99 2253 233 2318 viscera
255 2252 436 2321 videbatur.
484 2250 680 2332 Critobulus
713 2250 797 2316 inter
819 2250 962 2316 medicos
984 2251 1063 2317 artis
1089 2251 1152 2318 exi·
1170 2267 1204 2318 25
1307 2247 1308 2250 '

95 2356 196 2436 miae,
230 2355 347 2422 sedin
374 2361 464 2421 tanto
494 2355 635 2440 periculo
664 2355 802 2436 territus,
834 2379 953 2420 manus
981 2356 1154 2422 admovere

90 2464 281 2542 metuebat,
306 2481 347 2525 ne
362 2459 396 2524 in
411 2459 512 2544 ipsius
529 2466 623 2544 caput
647 2479 759 2543 parum
781 2479 956 2545 prosperae
979 2460 1151 2526 curationis

85 2564 263 2631 recideret
287 2571 432 2630 eventus.
479 2563 713 2628 Lacrimantem
737 2583 810 2628 eum
833 2585 871 2629 22
894 2569 1091 2630 metuentem
1117 2571 1203 2631 2126

82 2669 324 2735 sollicitudine
361 2668 591 2756 propemodum
628 2687 810 2752 exanguem
839 2688 897 2733 rex
927 2676 1148 2752 conspexerat.

74 2774 211 2854 ‘burez
240 2774 358 2857 inquit,
385 2774 526 2856 ‘quodve
556 2780 682 2858 tempus
712 2778 867 2858 expectas
898 2780 930 2838 et
959 2793 1025 2837 non
1054 2793 1149 2856 quam

73 2878 237 2962 primum
264 2877 327 2943 hoc
351 2877 462 2943 dolore
484 2897 545 2958 me,
569 2877 685 2942 saltem
708 2877 903 2958 moriturum,
932 2877 1075 2947 liberas?
1098 2877 1149 2942 An

73 2983 195 3062 times,
226 3002 274 3046 ne
297 3001 374 3048 reus
396 2981 449 3066 sis,
480 3001 552 3046 eum
578 2973 757 3046 insanabile
787 2981 902 3046 vulnus
932 2981 1113 3066 acceperim
1122 2983 1147 3046 l·

73 3085 118 3149 At
148 3084 365 3166 Critobulus,
382 3085 513 3150 tandem
541 3085 595 3151 vel
625 3083 713 3149 linito
733 3085 786 3150 vel
817 3084 1017 3150 dissimulato
1048 3093 1144 3167 metu,
1166 3109 1199 3158 27

73 3189 215 3254 rortari
243 3209 323 3254 eum
347 3191 462 3276 coepit,
487 3197 522 3254 ut
546 3209 580 3254 22
604 3190 833 3256 continendum
863 3191 1039 3275 praeberet,
1071 3189 1147 3255 dum

73 3295 261 3379 :picurum
278 3294 450 3360 evelleret:
476 3295 571 3360 etiam
586 3296 692 3360 levem
709 3294 851 3379 corporis
874 3300 995 3359 motum
1017 3295 1146 3359 noxium

73 3419 152 3464 ore.
203 3399 289 3464 Rex
317 3419 389 3464 cum
404 3397 598 3464 affirmasset
613 3398 693 3464 nihil
708 3419 788 3484 opus
806 3417 876 3464 esse
895 3399 943 3478 iis,
969 3398 1023 3481 qui
1046 3405 1146 3464 semet
1164 3418 1198 3469 22

73 3503 314 3584 ontinerent,
346 3505 429 3569 sicut
451 3509 657 3589 praeceptum
681 3510 757 3583 erat,
778 3489 858 3568 ¹sine
880 3508 968 3567 motu
998 3503 1145 3586 praebuit

73 3627 213 3692 orpus.
265 3609 373 3692 Igitur
388 3609 549 3694 patefacto
567 3609 664 3675 latius
678 3608 811 3674 vulnere
835 3615 866 3674 et
890 3607 1012 3693 spiculo
1035 3607 1143 3673 evolso

73 3732 195 3795 egens
236 3712 297 3778 vis
328 3713 494 3797 sanguinis
524 3733 654 3779 manare
688 3713 802 3797 eoepit,
838 3711 1002 3795 linquique
1035 3711 1142 3777 animo

73 3837 109 3880 =x
144 3823 188 3881 et
221 3814 375 3900 caligine
398 3817 499 3883 oculis
522 3817 625 3884 offusa
648 3819 736 3884 velut
763 3816 969 3882 moribundus
1000 3816 1138 3881 extendi.
