3040 4318
423 223 675 280 HISTORIARUM
693 223 909 278 ALEXANDRI
927 225 951 277 V
970 227 993 277 4.
1012 226 1037 278 5.
1192 225 1255 291 103

217 434 325 500 hostes
359 431 525 498 victoriam
559 437 789 512 concesserant,
825 437 934 495 tamen
967 431 1131 515 praealtae
1165 451 1254 516 prae·

216 539 393 625 cipitesque
429 535 535 602 fossae
573 534 717 621 pluribus
754 534 834 600 locis
871 533 1017 601 obiectae
1061 536 1255 620 abruperant

215 643 284 724 iter,
316 639 499 722 sensimque
523 645 554 704 et
577 645 669 704 caute
699 637 972 724 progrediundum
996 646 1072 720 crat,
1103 639 1168 704 iam
1190 659 1254 704 non

213 745 361 826 hostium,
396 743 454 809 sed
486 743 627 808 locorum
656 741 769 807 fraude
800 749 958 826 suspecta
1004 741 1194 808 Procedenti
1224 743 1288 809 eia

212 850 339 914 litterae
361 845 538 912 redduntur
567 867 587 911 a
609 844 760 927 Tiridate,
793 845 925 911 custode
955 845 1111 930 pecuniae
1134 847 1252 930 regiae,

213 952 402 1034 indicantes,
425 970 489 1033 eos,
514 950 568 1034 qui
590 951 623 1014 in
645 950 723 1015 urbe
747 958 863 1031 essent,
887 950 999 1016 audito
1023 949 1091 1017 cius
1113 951 1254 1016 adventu

214 1057 351 1144 diripere
374 1057 457 1122 velle
479 1055 663 1121 thesauros:
694 1062 881 1140 properaret
904 1075 1062 1142 occupare
1085 1057 1253 1122 thesauros

212 1161 380 1227 dimissos:
404 1159 589 1245 expeditum
610 1158 672 1225 iter
694 1179 776 1239 esse,
800 1180 992 1242 quamquam
1008 1160 1134 1226 Araxes
1150 1161 1253 1226 amnis

211 1263 380 1332 interfluat.
426 1264 555 1330 Nullam
585 1263 735 1329 virtutem
764 1263 849 1347 regis
880 1263 993 1329 iustius
1025 1285 1120 1347 quam
1143 1265 1287 1337 celeri-3
1363 1337 1367 1346 ,

212 1377 310 1435 tatem
331 1367 544 1434 laudaverim:
575 1367 695 1434 relictis
717 1367 920 1452 pedestribus
945 1369 1046 1454 copiis
1069 1375 1136 1435 tota
1158 1378 1252 1436 nocte

212 1484 317 1539 vectae
339 1493 411 1539 onm
441 1472 609 1556 equitibus,
629 1472 750 1538 itineris
780 1479 869 1538 tanto
899 1473 1003 1558 spatio
1033 1473 1187 1560 fatigatis,
1208 1473 1253 1540 ad

212 1577 342 1644 Araxen
364 1577 467 1663 prima
489 1576 561 1642 luce
583 1576 738 1662 pervenit.
783 1576 855 1644 Vici
873 1585 968 1644 emt
997 1578 1031 1643 in
1053 1580 1249 1665 propinquo:
1268 1597 1286 1647 4

211 1683 325 1766 quibus
348 1683 461 1748 dirutis
480 1690 610 1768 pontem
630 1702 674 1749 ex
693 1681 831 1748 materia
861 1702 979 1765 eorum,
994 1684 1129 1750 subditis
1153 1685 1250 1768 saxis,

209 1795 340 1854 strenue
361 1787 495 1852 induxit.

312 1893 444 1974 Iamque
474 1889 562 1956 haud
590 1892 700 1976 procul
730 1892 809 1957 urbe
840 1899 938 1972 erant,
970 1911 1043 1958 oum
1066 1893 1283 1961 miserabile5

209 2017 335 2080 agmen,
374 1996 456 2061 inter
493 2015 597 2080 pauca
633 1995 779 2061 fortunae
817 1995 965 2082 exempla
998 1989 1246 2081 memorandum,

208 2099 278 2183 regi
308 2099 452 2165 occurrit.
498 2097 624 2184 (laptivi
655 2106 742 2164 erant
768 2099 891 2182 Gracci,
920 2100 963 2165 ad
974 2111 1028 2164 1111
1051 2101 1141 2166 milia
1171 2103 1247 2186 fere,

206 2223 286 2286 quos
308 2204 425 2270 Persae
446 2202 535 2268 vario
558 2202 786 2288 suppliciorum
815 2204 911 2270 modo
941 2205 1123 2271 affecerant.
1159 2207 1284 2273 Aliost

207 2308 351 2393 pedibus,
390 2307 545 2391 quosdam
577 2308 723 2373 manibus
760 2307 954 2392 auribusque
990 2309 1164 2395 amputatis
1205 2312 1249 2376 in-

207 2412 350 2495 ustisque
383 2412 589 2477 barbararum
622 2411 798 2477 litterarum
835 2413 919 2478 notis
956 2413 989 2478 in
1026 2413 1158 2499 longum
1200 2416 1249 2481 sui

207 2515 378 2582 ludibrium
422 2524 663 2583 reservaverant
707 2524 749 2598 et,
777 2537 860 2583 cum
895 2537 930 2584 se
965 2539 1091 2601 quoque
1124 2520 1248 2586 alienae

209 2619 344 2686 dicionis
377 2640 449 2686 esse
483 2627 656 2702 cernerent,
695 2620 839 2686 volentes
874 2621 944 2704 regi
982 2641 1148 2688 occurrere
1186 2645 1249 2689 non

209 2724 446 2809 prohibuerant.
493 2724 662 2790 Invisitata
692 2724 872 2806 simulacra,
903 2747 967 2790 non
993 2727 1140 2792 homines
1162 2728 1283 2794 vide-7

207 2827 334 2907 bantur,
369 2848 429 2893 nec
463 2827 634 2911 quicquam
667 2827 700 2891 in
729 2827 794 2894 illis
823 2835 951 2915 praeter
980 2849 1092 2895 vocem
1122 2837 1248 2914 poterat

207 2930 349 3014 agnosci.
411 2931 523 2996 Plures
567 2931 665 3014 igitur
709 2931 859 2998 lacrimas
903 2951 1106 2998 commovere
1150 2955 1248 3017 quam

207 3033 418 3118 profuderant
451 3035 529 3118 ipsi:
565 3034 694 3119 quippe,
729 3035 763 3098 in
792 3042 859 3099 tam
893 3035 1063 3120 multiplici
1093 3037 1247 3120 variaque

208 3137 336 3203 fortuna
369 3137 580 3220 singulorum,
614 3138 815 3204 intuentibus
850 3139 972 3205 similes
1010 3140 1149 3224 quidem,
1190 3142 1248 3207 sed

209 3247 317 3306 tamen
340 3239 485 3326 dispares
509 3263 640 3326 poenas,
673 3241 745 3324 quis
768 3242 909 3307 maxime
932 3243 1125 3309 miserabilis
1149 3254 1245 3328 esset,

209 3344 332 3428 liquere
354 3364 417 3409 non
439 3351 575 3430 poterat.
622 3345 667 3412 Ut
689 3366 766 3412 vero
789 3347 899 3412 Iovem
928 3346 975 3411 illi
999 3348 1128 3413 tandem
1152 3349 1282 3414 Grae-8

204 3444 277 3514 'ciae
314 3449 450 3514 ultorem
487 3450 654 3535 aperuisse
692 3451 802 3516 oculos
839 3451 1092 3531 conclamavere,
1137 3473 1247 3518 omnes

208 3552 278 3637 pari
309 3552 466 3638 supplicio
497 3553 606 3618 affecti
636 3554 699 3620 sibi
728 3553 929 3621 videbantur.
977 3556 1046 3621 Rex
1082 3557 1247 3638 abstersis,

209 3676 289 3739 qnas
311 3655 510 3742 profuderat,
541 3658 680 3724 lacrimis
703 3658 820 3724 bonum
852 3659 972 3725 habere
994 3660 1135 3726 animum
1158 3661 1247 3728 iubet

211 3797 251 3806 —
273 3760 398 3826 visuros
427 3761 524 3827 urbes
554 3781 629 3828 snas
659 3763 946 3847 coniugesque-
977 3771 1008 3830 et
1038 3772 1144 3830 castra
1172 3766 1247 3832 inde

211 3864 276 3930 duo
299 3864 340 3930 ab
363 3864 441 3932 urbe
464 3866 570 3931 stadia
593 3868 776 3932 communit.
