2976 4322
237 183 488 238 HISTORIARUM
507 182 723 237 ALEXANDRI
741 183 807 236 VIII
827 189 866 240 14.
1031 189 1094 254 243
1146 137 1153 152 ⁴

105 394 173 459 ocul
187 393 329 472 fecerant,
352 391 420 474 ipse
436 390 537 456 Porus
560 390 717 458 humanae
736 393 967 477 magnitudinis
984 417 1095 481 prope·

106 497 190 562 odum
224 501 401 562 excesserat
438 492 581 559 formam.
634 494 848 578 Magnitudini
885 522 948 563 coa
985 520 1095 585 parurn

105 602 186 666 licere
213 599 375 664 videbatur
404 597 510 678 belua,
542 618 606 681 qua
639 598 826 682 vehebatur,
861 607 984 668 tantum
1013 604 1096 669 inter

105 713 183 770 teras
213 702 360 782 eminens,
391 707 509 784 quanto
542 702 614 768 aliis
644 703 714 789 ipse
744 706 936 788 praestabat.
983 707 1095 790 Itaque
1116 721 1147 772 14

105 807 247 888 taxander,
265 806 497 889 contemplatus
524 813 555 871 et
584 827 693 890 regem
723 815 755 873 et
785 829 901 892 agmen
933 811 1094 892 Indorum,

106 913 227 993 andem',
249 909 359 993 inquit,
376 911 447 994 ‘par
469 909 573 975 animo
597 931 666 976 meo
692 912 868 996 periculum
890 914 1000 980 video:
1026 935 1096 981 oum

105 1018 171 1083 stiis
192 1015 279 1082 simul
302 1021 333 1080 et
357 1034 428 1079 oum
452 1015 591 1097 egregiis
613 1015 688 1081 viris
712 1037 762 1082 res
786 1021 853 1083 est'.
900 1021 1097 1103 Intuensque
1117 1035 1148 1084 15

105 1143 197 1202 renen,
222 1119 312 1185 ‘Oum
342 1121 422 1202 ego’,
453 1118 563 1201 inquit,
587 1119 783 1187 ‘Ptolomaeo
818 1123 1036 1207 Perdiccaque
1066 1132 1097 1190 et

105 1223 292 1310 ephaestione
325 1219 494 1288 comitatus
528 1222 561 1287 in
587 1224 713 1289 laevum
747 1225 885 1290 hostium
919 1248 1016 1293 comu
1043 1229 1098 1292 im-

106 1339 169 1396 tum
190 1330 302 1409 fecero,
322 1325 503 1410 viderisque
526 1350 577 1394 me
599 1328 632 1393 in
654 1330 760 1395 medio
776 1331 889 1396 ardore
905 1332 1095 1414 certaminis,

105 1457 131 1500 11
147 1435 288 1500 dextrum
304 1452 397 1498 move
412 1439 444 1498 et
467 1433 601 1498 turbatis
624 1433 717 1516 signa
735 1435 826 1501 infer.
851 1436 910 1516 Tu,
927 1435 1097 1520 Antigene,

117 1548 158 1620 tu,
175 1541 343 1616 Leonnato,
366 1542 398 1602 et
413 1537 549 1618 Tauron,
573 1537 765 1604 invehemini
788 1539 820 1604 in
844 1540 981 1606 mediam
997 1541 1098 1607 aciem

133 1641 283 1726 urgebitis
321 1641 465 1706 frontem.
513 1641 633 1707 Hastae
671 1651 798 1709 nostrae
835 1644 1028 1729 praelongae
1066 1652 1150 1711 1116

105 1749 187 1814 lidae
202 1768 263 1812 non
278 1746 359 1810 alias
375 1745 476 1828 magis
493 1765 587 1827 quarn
602 1745 756 1832 adversus
772 1749 884 1813 beluas
896 1755 1098 1831 rectoresque

105 1873 168 1917 rum
190 1852 260 1918 usui
284 1871 354 1918 esse
377 1857 543 1935 poterunt:
575 1851 741 1918 deturbate
764 1873 829 1933 eos,
854 1853 908 1936 qui
930 1853 1098 1934 vehuntur,

115 1957 200 2042 ipsas
223 1956 391 2021 confodite.
434 1955 560 2040 Anceps
584 1976 685 2040 genus
708 1957 819 2021 auxilii
843 1964 891 2035 est
915 1965 946 2023 et
969 1958 1001 2022 in
1025 1977 1098 2022 suos

105 2061 162 2126 tius
189 2061 273 2126 furit.
321 2061 358 2124 In
389 2058 514 2125 hostem
544 2061 627 2126 enirn
649 2060 792 2145 imperio,
816 2061 849 2125 in
880 2081 955 2127 suos
978 2081 1098 2146 pavore

105 2167 181 2230 itur'.
214 2165 304 2230 Haec
326 2163 470 2230 elocutus
494 2164 630 2230 eoncitat
653 2185 770 2248 equum
792 2165 921 2250 primus.
956 2167 1098 2248 Iamque,
1120 2183 1151 2232 11

106 2268 299 2335 destinatum
311 2275 387 2349 erat,
405 2268 566 2334 invaserat
582 2267 709 2334 ordines
725 2268 873 2351 hostium,
891 2289 963 2334 cum
975 2268 1100 2334 Coenus

106 2373 179 2448 :enti
201 2372 235 2438 vi
257 2373 291 2437 in
316 2372 444 2438 laevum
467 2392 563 2437 cornu
589 2372 759 2438 invehitur.
805 2373 952 2438 Phalanx
975 2393 1100 2456 quoque
1120 2390 1152 2441 18

108 2477 197 2541 diam
220 2476 373 2542 Indorum
395 2476 496 2542 aciem
519 2497 581 2541 uno
603 2477 724 2561 impetu
746 2478 899 2562 perrupit.
925 2476 968 2541 At
987 2479 1099 2558 Porus,

106 2604 115 2645 1
139 2580 282 2663 equitem
304 2580 410 2646 invehi
434 2588 587 2662 senserat,
610 2582 721 2647 beluas
744 2583 798 2664 agi
820 2582 931 2648 iussit:
960 2581 1018 2646 sed
1040 2588 1101 2646 tar-

106 2709 128 2749 n
168 2692 202 2750 et
232 2706 336 2770 paene
366 2685 526 2751 immobile
556 2685 673 2750 animal
712 2706 864 2768 equorum
897 2686 1100 2752 velocitatem

106 2810 191 2871 uare
214 2810 279 2855 non
307 2795 442 2874 poterat.
487 2790 537 2854 Ne
560 2789 746 2874 sagittarum
773 2789 901 2873 quidem
924 2791 1009 2854 ullus
1033 2796 1101 2855 erat
1121 2807 1153 2857 19

106 2894 197 2960 baris
222 2914 310 2960 usus.
359 2895 484 2980 Quippe
507 2895 620 2978 longas
643 2901 675 2960 11
701 2915 905 2980 praegraves,
929 2895 991 2960 nisi
1013 2895 1101 2980 prius

106 3006 194 3064 terra
218 3005 395 3064 statuerent
424 3020 540 3079 arcum,
564 2997 649 3063 haud
676 2999 754 3065 satis
784 3007 858 3084 apte
882 3007 914 3065 11
937 2998 1102 3064 commode

106 3109 238 3168 renunt:
256 3110 333 3184 tum,
346 3102 440 3167 humo
456 3102 576 3168 lubrica
591 3111 623 3169 et
635 3104 675 3168 cb
688 3103 721 3167 id
736 3103 932 3188 impediente
944 3110 1101 3183 conatum,

106 3207 225 3272 lentes
264 3207 346 3272 ictus
384 3206 546 3272 celeritate
580 3206 718 3272 hostium
753 3213 955 3292 occupantur.
1015 3207 1100 3288 Ergo
1120 3224 1154 3274 20

106 3318 156 3376 eto
174 3310 268 3394 regis
290 3310 425 3395 imperio
443 3325 481 3356 -’
500 3310 584 3393 quod
607 3309 673 3376 fere
696 3308 740 3392 fit,
764 3309 818 3376 ubi
842 3309 977 3376 turbatis
1000 3309 1103 3374 acrius

106 3434 151 3480 us
179 3435 282 3506 quam
308 3414 372 3478 dux
396 3414 551 3500 imperare
582 3413 686 3500 coepit
710 3414 907 3480 —totidem
937 3412 1103 3478 1111111111-

107 3528 230 3602 atores,
256 3527 333 3604 quot
355 3522 484 3604 agmina
511 3522 668 3588 errabant.
714 3520 807 3586 Alius
837 3521 968 3604 iungere
991 3521 1102 3601 aciem,
1122 3536 1153 3586 21

107 3645 129 3690 ,s
156 3623 321 3705 dividere,
340 3632 422 3691 stare
439 3625 568 3708 quidam
591 3633 623 3692 11
638 3626 783 3690 nonnulli
800 3619 991 3690 circumvehi
1011 3631 1105 3706 terga

107 3729 195 3793 tium
221 3728 393 3795 iubebant:
418 3728 497 3793 nihil
520 3728 552 3793 in
575 3729 714 3794 medium
737 3729 971 3794 consulebatur.
1002 3730 1103 3794 Porus
1122 3744 1155 3792 22

110 3856 155 3900 en
188 3854 268 3900 oum
298 3834 419 3919 paucis,
450 3834 565 3916 quibus
599 3841 685 3900 metu
723 3834 828 3919 potior
861 3833 964 3898 fuerat
993 3833 1104 3918 pudor,

951 3956 999 4008 16*
