3028 4322
387 277 637 332 HISTORIARUM
655 277 869 332 ALEXANDRI
886 279 925 332 ΠΙ
944 281 968 333 8.
989 283 1012 333 9.
1180 281 1220 344 19

123 464 173 560 Ι22
288 484 393 548 Dareo
416 481 587 548 adventum
618 482 757 548 hostium
786 483 895 568 pavidi
924 490 1069 567 agrestes
1099 485 1220 549 nuntia·

180 594 305 668 verunt,
327 588 382 652 vix
405 587 557 668 credenti,
581 607 747 653 occurrere
770 588 875 670 etiam,
897 606 978 669 quos
1001 595 1037 653 ut
1059 588 1220 672 fugientes

181 694 384 774 sequebatur.
430 693 518 775 Ergo
551 711 615 757 non
644 690 813 758 mediocris
843 693 983 758 omniurn
1012 693 1135 758 animos
1158 693 1219 758 for·
1238 708 1271 758 25

180 796 267 862 mido
286 797 454 882 occupavit
476 833 519 842 -
544 796 662 883 quippe
684 797 788 861 itineri
812 819 914 882 quum
937 797 1058 881 proelio
1081 796 1219 882 aptiores

180 906 270 967 erant
302 938 345 946 -
377 899 555 984 raptimque
592 922 679 966 arma
713 901 888 985 capiebant.
937 899 1003 966 sed
1032 901 1102 986 ipsa
1135 901 1220 966 festi·
1311 939 1313 946 ι

180 1005 266 1070 natio
301 1005 545 1070 discurrentium
575 1025 714 1087 suosque
747 1004 789 1069 ad
822 1026 909 1070 arma
932 1005 1113 1070 vocantium
1145 1005 1218 1069 mai-

181 1130 268 1174 orem
290 1117 408 1173 metum
432 1108 581 1174 incussit:
611 1109 665 1173 alii
694 1109 727 1172 in
757 1109 869 1192 iugum
891 1109 1006 1174 montis
1041 1116 1216 1192 evaserant,
1237 1125 1270 1174 26

180 1219 216 1277 ut
249 1211 388 1278 hostium
420 1233 538 1296 agmen
571 1211 647 1277 inde
680 1213 908 1298 prospicerent,
943 1231 1041 1295 equos
1075 1212 1219 1297 plerique

180 1317 355 1382 frenabant.
401 1317 533 1382 Discors
571 1316 730 1382 exercitus
768 1337 827 1381 neo
864 1316 906 1381 ad
942 1337 1040 1381 unum
1077 1317 1217 1382 intentus

180 1421 349 1506 imperium
385 1421 473 1486 vario
510 1421 648 1485 tumultu
687 1427 800 1486 cuncta
838 1421 1031 1491 turbaverat,
1092 1423 1218 1488 Dareus
1237 1435 1269 1485 27

179 1525 268 1589 initio
291 1525 402 1608 iugum
425 1525 540 1590 montis
556 1545 629 1589 cum
643 1531 734 1610 parte
750 1525 912 1610 copiarum
928 1545 1085 1610 occupare
1102 1527 1218 1611 statuit,

179 1636 212 1694 et
240 1650 260 1693 a
289 1629 393 1694 fronte
428 1636 459 1694 et
490 1650 510 1693 a
539 1636 630 1712 tergo
665 1629 884 1695 circumiturus
918 1629 1053 1712 hostem,
1087 1651 1107 1694 a
1139 1631 1218 1695 mari

179 1753 315 1816 quoque,
340 1753 403 1817 quo
426 1731 573 1798 dextrum
596 1733 665 1798 eius
689 1754 787 1799 comu
809 1734 988 1818 tegebatur,
1012 1734 1092 1800 alios
1116 1735 1218 1799 obiec-

178 1843 278 1919 turus,
305 1845 340 1900 ut
362 1837 503 1921 undique
533 1845 671 1921 urgeret.
718 1839 849 1903 Praeter
877 1837 957 1903 haec
986 1837 1101 1921 viginti
1130 1838 1218 1903 milia
1236 1853 1270 1903 28

178 1941 354 2026 praemissa
376 1962 448 2006 oum
463 1941 697 2024 sagittariorum
718 1962 814 2006 manu
829 1942 977 2007 Pinarum
1000 1962 1136 2023 amnem,
1162 1943 1217 2024 qui

179 2045 243 2109 dno
265 2045 395 2129 agmina
418 2045 630 2128 interfluebat,
661 2047 793 2112 transire
817 2053 849 2112 et
872 2047 998 2112 obicer'e
1021 2066 1092 2112 sese
1114 2046 1216 2112 Mace·

178 2149 296 2214 donum
331 2151 431 2235 copiis
464 2151 619 2216 iusserat:
655 2152 681 2217 si
715 2151 749 2216 id
781 2157 945 2236 praestare
977 2173 1040 2216 non
1073 2159 1214 2236 possent,

176 2253 379 2320 retrocedere
422 2255 455 2319 in
492 2261 617 2321 montes
655 2263 687 2321 et
723 2257 846 2320 occulte
884 2257 1052 2320 circumire
1089 2255 1216 2322 ultimos

178 2358 326 2423 hostium.
388 2358 535 2425 Ceterum
573 2360 730 2426 destinata
767 2361 935 2425 salubriter
971 2361 1056 2425 omni
1094 2361 1215 2426 ratione
1233 2374 1292 2446 aa

177 2463 337 2548 potentior
359 2463 485 2529 fortuna
510 2464 676 2530 discussit:
708 2466 826 2550 quippe
856 2465 911 2529 alii
940 2485 1018 2550 prae
1048 2471 1135 2530 metu
1157 2465 1214 2529 im·
1234 2477 1267 2527 30

176 2567 298 2651 perium
322 2568 438 2650 exequi
461 2589 524 2632 non
546 2570 716 2650 audebant,
747 2569 801 2633 alii
827 2569 943 2635 frustra
967 2570 1212 2652 exequebantur,

177 2671 260 2754 quia,
285 2672 340 2738 ubi
363 2678 470 2757 partes
492 2672 609 2758 labant,
632 2693 753 2740 summa
776 2676 929 2740 turbatur.

634 2865 699 2920 cir.
718 2866 765 2918 IX.

123 2981 166 3052 23
279 2982 375 3048 Acies
404 2990 512 3048 autem
542 2985 603 3049 boo
633 2983 728 3049 modo
757 2985 854 3050 stetit.
900 2985 1105 3050 Nabarzanes
1129 2987 1246 3069 equi-1

174 3092 242 3151 tatu
280 3087 428 3152 dextrum
462 3109 558 3152 cornu
592 3089 749 3169 tuebatur,
785 3088 902 3154 additis
940 3087 1134 3154 funditorum
1168 3110 1215 3155 sa·

174 3191 440 3274 gittariorumque
463 3188 579 3274 viginti
603 3191 670 3257 fere
695 3193 832 3262 milibus.
879 3195 918 3256 ln
938 3193 1053 3259 eodem
1075 3193 1247 3277 Thymo-a

174 3294 335 3375 deserat,
359 3295 491 3360 Graecis
513 3297 677 3381 peditibus
703 3297 850 3362 mercede
874 3297 1048 3378 conductis,
1079 3297 1213 3380 triginta

175 3398 312 3480 milibus,
359 3400 571 3485 praepositus.
632 3401 702 3464 Hoc
740 3409 809 3466 erat
846 3401 933 3466 haud
977 3401 1073 3467 dubie
1117 3405 1213 3468 robur

174 3502 342 3582 exercitus,
374 3524 432 3588 par
462 3503 689 3570 Macedonicae
722 3504 878 3590 phalangi
911 3506 1007 3570 acies.
1053 3506 1089 3568 ln
1120 3505 1247 3569 laevos

174 3625 271 3670 cornu
316 3606 539 3673 Aristomedes
575 3608 749 3674 Thessalus
783 3620 835 3672 XX
869 3610 966 3673 mitia
1004 3609 1213 3673 barbarorum

173 3709 317 3794 peditum
340 3711 490 3798 habebat.
537 3713 573 3778 In
596 3714 748 3778 subsidiis
771 3714 1028 3799 pugnacissimas
1051 3715 1213 3778 locaverat

173 3819 295 3897 gentes.
323 3815 431 3899 Ipsum
454 3837 573 3899 regem,
597 3817 629 3881 in
653 3818 765 3882 eodem
788 3839 885 3883 cornu
906 3818 1138 3899 dimicaturum,
1151 3816 1248 3881 triac

172 3918 259 3984 milia
281 3918 476 3984 delectorum
499 3922 649 4004 equiturn,
686 3929 815 3987 assueta
837 3924 978 4006 corporis
1004 3923 1156 4008 custodia,
1180 3933 1212 3988 et

1073 4044 1106 4098 2*
