3028 4322
394 253 648 309 HlS'l'ORIARUM'
660 256 873 311 ALEXANDRI
892 259 929 310 ΠΙ
948 260 972 309 9.
995 261 1033 308 10.
1192 261 1230 323 21

658 465 722 519 Gru.
741 466 774 519 X.

143 556 187 626 25
299 565 368 629 Iam
390 563 422 629 in
446 576 627 652 conspectu,
660 569 719 634 sed
749 577 838 636 extra
867 571 923 636 teli
951 571 1069 636 iactum
1099 581 1265 655 utraque!

195 666 282 733 acies
313 676 388 750 erat,
421 689 492 735 cum
522 672 644 756 priores
674 670 792 739 Persae
822 671 1020 740 inconditum
1050 683 1082 742 et
1111 683 1233 742 trucem

195 772 350 837 sustulere
374 774 551 840 clamorem.
598 776 753 842 Redditur
776 785 807 843 et
830 800 849 843 a
872 779 1108 862 Macedonibus,
1133 777 1266 845 maior2

194 876 352 943 exercitus
375 900 514 962 numero,
546 881 631 965 iugis
660 883 812 948 montium
842 884 1004 966 vastisque
1028 885 1162 951 saltibus
1185 907 1232 951 re-

194 1001 380 1065 percussus:
416 984 534 1070 quippe
565 1005 690 1070 semper
719 987 921 1053 circumiecta
951 1009 1081 1055 nemora
1110 996 1231 1074 petrae-

193 1108 265 1172 que,
288 1096 575 1174 quantamcumque
597 1112 752 1177 accepere
775 1112 897 1172 vocem,
923 1093 1130 1178 multiplicato
1153 1113 1231 1160 sono

192 1191 342 1258 refcmnt.
389 1193 573 1260 Alexander
601 1202 676 1288 ante
706 1197 808 1281 prima
830 1196 923 1280 signa
952 1197 1027 1278 ibat,
1058 1195 1265 1263 identidcm3

192 1318 286 1363 manu
320 1318 394 1364 suos
427 1298 584 1380 inhibens,
621 1321 662 1365 nc
695 1301 851 1384 suspensi,
886 1301 990 1366 acrius
1025 1302 1065 1366 ob
1099 1302 1230 1367 nimiam

191 1401 429 1468 festinationem
467 1402 625 1469 concitato
664 1405 785 1490 spiritu,
823 1413 1028 1491 capesserent
1063 1407 1228 1491 proelium.

192 1505 335 1592 Gumque
357 1509 479 1592 agmini
503 1510 709 1593 obequitaret,
733 1509 821 1576 varia
843 1510 995 1591 oratioue,
1019 1517 1054 1575 ut
1077 1511 1228 1594 cuiusque
1247 1521 1264 1570 4

190 1612 305 1678 animis
345 1621 454 1698 aptum
488 1621 563 1696 erat,
599 1614 716 1679 milites
749 1613 979 1698 alloquebatur.
1025 1614 1229 1695 Macedones,

188 1723 236 1782 tot
258 1718 412 1784 bellorum
434 1719 468 1783 in
490 1718 619 1804 Europa
640 1719 786 1800 victores,
819 1718 861 1783 ad
884 1717 1097 1802 subigendam
1119 1719 1229 1785 Asiam

189 1828 285 1903 atque
307 1821 418 1889 ultima
434 1821 570 1889 Orientis
593 1845 656 1888 non
678 1823 779 1908 ipsius
801 1823 905 1907 magis
931 1843 1027 1906 quam
1051 1843 1108 1889 suo
1130 1823 1228 1889 ductu
1251 1837 1266 1913 j

189 1926 335 2008 profecti,
369 1927 566 1994 inveteratae
598 1928 724 1993 virtutis
757 1928 1016 1993 admonebantur.
1062 1927 1139 1993 Illos
1167 1935 1261 1994 ter-5

188 2051 293 2095 rarum
323 2028 408 2098 orbis
436 2033 639 2098 liberatores:
672 2051 880 2115 emensosque
911 2032 986 2096 olim
1016 2032 1165 2097 Herculis
1196 2039 1228 2096 et

188 2135 296 2201 Liberi
330 2136 433 2202 Patris
470 2137 622 2202 terminos
659 2156 724 2203 non
757 2137 863 2203 Persis
897 2135 1001 2217 modo,
1038 2136 1096 2201 sed
1130 2137 1226 2202 etiam

189 2239 334 2306 omnibus
357 2241 505 2325 gentibus
535 2242 736 2327 imposituros
758 2241 877 2324 iugum.
923 2239 1134 2305 Macedonum
1156 2261 1226 2325 pro·

187 2345 308 2410 vincias
332 2345 451 2412 Bactra
473 2353 505 2412 et
526 2346 625 2412 Indos
646 2345 725 2411 fore.
770 2346 902 2411 Minima
929 2364 1011 2430 esse,
1038 2365 1119 2428 quae
1142 2365 1226 2409 nunc

186 2448 390 2535 intuerentur,
421 2451 478 2516 sed
508 2450 613 2515 omnia
642 2449 777 2515 victoria
806 2448 930 2534 aperiri.
975 2448 1050 2512 Non
1077 2448 1109 2512 in
1136 2457 1259 2532 prae-6

186 2554 287 2638 ruptis
323 2555 423 2640 petris
459 2555 640 2638 Illyriorum
684 2561 716 2620 et
752 2553 909 2618 Thraciae
954 2553 1040 2618 saxis
1085 2552 1225 2617 sterilem

185 2657 326 2723 laborem
348 2653 428 2738 iore,
459 2658 561 2743 spolia
586 2658 682 2723 totius
707 2657 845 2724 Orientis
868 2656 982 2721 offerri.
1029 2655 1091 2720 Vix
1114 2655 1224 2738 gladio

186 2760 325 2826 futurum
348 2781 443 2847 opus:
460 2769 559 2827 totam
582 2761 693 2843 aciem,
710 2781 767 2826 suo
790 2781 909 2846 pavore
931 2759 1146 2841 fluctuantem,
1159 2780 1223 2824 um-

185 2865 320 2931 bonibus
350 2885 445 2951 posse
475 2866 621 2951 propelli.
666 2865 776 2930 Victor
804 2864 845 2929 ad
875 2863 957 2929 haec
980 2863 1257 2928 Atheniensium

184 2967 349 3054 Philippus
371 2977 464 3055 pater
485 2969 702 3044 invocabatur,
722 2969 924 3051 domitaeque
946 2987 1048 3053 nuper
1070 2967 1223 3032 Boeotiae

184 3077 216 3136 et
245 3071 332 3138 urbis
361 3073 393 3137 in
425 3093 464 3138 ca
492 3073 707 3139 nobilissimae
740 3072 783 3137 ad
813 3073 915 3138 solum
944 3070 1068 3135 dirutae
1099 3070 1222 3155 species

182 3176 481 3260 repraesentabatur
514 3177 637 3242 animis.
693 3177 762 3264 Iam
796 3175 966 3241 Granicum
1003 3195 1137 3255 amnem,
1175 3180 1222 3238 tot

182 3279 277 3345 urbes
300 3287 355 3346 aut
377 3288 578 3366 expugnatas
605 3289 659 3346 aut
688 3282 721 3346 in
751 3280 846 3345 fidem
869 3287 1019 3366 acceptas
1042 3279 1219 3360 omniaque,

182 3405 265 3467 quae
301 3392 374 3469 post
410 3392 536 3469 tergum
574 3393 672 3465 erant,
712 3392 810 3451 strata
845 3392 876 3450 et
909 3384 1046 3469 pedibus
1079 3383 1220 3468 ipsorum

182 3487 325 3553 subiecta
348 3491 553 3556 memorabat.
601 3489 680 3554 Cum
703 3490 827 3555 adierat
843 3490 991 3568 Graecos,
1016 3485 1219 3568 admonebat,
1239 3494 1255 3545 8

181 3591 222 3655 ab
245 3589 295 3657 his
317 3591 467 3675 gentibus
486 3593 575 3658 illata
590 3593 744 3659 Graeciae
767 3593 853 3658 bella
867 3592 967 3657 Darei
983 3592 1079 3676 prius,
1104 3589 1220 3656 deinde

180 3695 298 3761 Xerxis
328 3695 508 3777 insolentia,
539 3718 654 3781 aquam
684 3698 771 3783 ipsos
800 3706 979 3782 terramque
1010 3695 1217 3781 poscentium,

180 3806 215 3864 ut
237 3820 342 3883 neque
364 3799 498 3865 fontium
516 3801 665 3867 haustum
687 3822 747 3866 nec
770 3802 880 3867 solitos
895 3801 983 3867 cibos
1006 3799 1219 3880 relinquerent

180 3901 303 3968 deditis.
347 3903 397 3967 Ab
420 3904 523 3969 isdem
545 3907 665 3988 templa
686 3905 787 3970 minis
810 3913 842 3970 ct
864 3904 992 3988 ignibus
1009 3923 1079 3969 esse
1102 3903 1216 3982 deleta,
1237 3914 1253 3964 9
