3028 4322
273 215 313 278 16
659 215 689 281 Q.
709 215 816 270 CURTI
834 215 922 270 RUFI

270 419 409 485 tradidit
454 420 667 503 Nabarzanes,
700 427 827 508 praetor
849 421 956 502 Darei,
987 421 1116 487 miserat
1146 442 1216 486 eam
1237 421 1305 486 hor-

270 523 458 607 tabaturque
491 524 646 607 Sisenem,
681 532 716 590 ut
749 525 881 610 dignum
913 525 1035 608 aliquid
1067 525 1231 592 nobilitate
1263 533 1306 590 at-

269 648 331 710 que
361 628 533 696 maioribus
563 629 627 695 suis
657 629 783 696 ederet:
815 651 930 714 magno
960 630 995 695 id
1025 630 1055 696 ei
1084 630 1171 716 apud
1199 651 1306 714 regem

193 777 198 784 .
217 743 249 793 13
267 732 380 798 honori
402 734 479 800 fore.
526 734 594 800 Has
617 733 742 800 litteras
766 733 905 816 Sisenes,
935 741 1047 820 utpote
1076 735 1235 816 innoxius,
1265 733 1307 799 ad

268 836 485 902 Alexandrum
509 858 605 923 saepe
627 837 754 903 deferre
777 839 952 923 temptavit,
977 838 1037 904 sed
1059 860 1131 904 cum
1153 846 1200 904 tot
1223 838 1305 904 curis

268 949 486 1027 apparatuque
510 941 587 1008 belli
609 961 719 1025 regem
748 941 873 1007 videret
895 943 1013 1026 urgeri,
1045 943 1151 1028 aptius
1174 939 1306 1008 subinde

267 1051 396 1130 tempus
434 1053 608 1130 expectans
645 1045 860 1131 suspicionem
896 1046 967 1111 initi
1012 1047 1140 1112 scelesti
1184 1043 1306 1112 consilii

218 1159 251 1208 14
268 1151 423 1232 praebuit.
469 1150 616 1233 Namque
639 1150 784 1235 epistola,
804 1151 992 1234 priusquam
1014 1151 1044 1215 ei
1060 1151 1253 1237 redderetur,
1275 1151 1307 1216 iu

269 1274 381 1320 manus
404 1254 580 1320 Alexandri
610 1260 809 1339 pervenerat,
840 1254 1021 1337 lectamque
1052 1277 1122 1321 cam
1152 1261 1185 1321 et
1206 1255 1306 1339 ignoti

268 1357 355 1422 anuli
368 1357 473 1442 sigillo
484 1359 640 1443 impresso
658 1357 763 1423 Siseni
778 1357 846 1423 dari
861 1357 1006 1440 iusserat,
1023 1359 1064 1424 ad
1078 1358 1307 1424 aestimandam

219 1471 250 1520 15
269 1459 365 1525 fidem
387 1461 521 1526 barbari.
569 1460 631 1538 Qui
647 1461 723 1544 quia
741 1482 800 1547 per
822 1462 1002 1546 complures
1026 1462 1095 1528 dies
1110 1484 1173 1528 non
1187 1462 1309 1528 adierat

268 1573 389 1647 regem,
424 1565 560 1630 scelesto
584 1564 716 1630 consilio
740 1587 812 1630 cam
835 1565 924 1632 visus
947 1573 996 1632 est
1030 1565 1246 1652 suppressisse
1276 1573 1308 1632 et

268 1668 300 1731 in
315 1669 443 1754 agmine
457 1691 476 1734 a
492 1668 708 1752 Cretensibus,
734 1669 819 1735 haud
835 1671 930 1735 dubie
945 1671 1034 1737 iussu
1051 1671 1147 1754 regis,
1173 1671 1306 1736 occisus.

711 1862 777 1916 Onu.
795 1862 869 1915 VIII.

237 2001 249 2050 1
374 1983 504 2066 Iamque
534 1982 648 2050 Graeci
679 1982 805 2064 milites,
837 2003 917 2066 quos
948 1981 1135 2066 Thymodes
1170 2004 1189 2048 a
1215 1983 1310 2048 Phar·
1322 1988 1361 2059 19

269 2089 392 2154 nabazo
414 2093 591 2172 acceperat,
616 2088 786 2174 praecipua
809 2108 883 2173 spes
907 2095 939 2152 et
957 2085 1188 2172 propemodum
1204 2087 1307 2168 unica,

235 2190 310 2257 aad
336 2191 476 2257 Dareum
505 2200 725 2276 pervenerant
772 2191 800 2256 li
829 2211 1025 2276 magnopere
1056 2191 1245 2270 suadebant,
1275 2197 1310 2255 ut

269 2302 351 2361 retro
367 2295 468 2362 abiret
484 2296 704 2381 spatiososque
719 2296 969 2382 Mesopotamiae
986 2314 1116 2380 campos
1133 2301 1309 2379 repeteret:

270 2400 297 2465 si
319 2400 353 2465 id
376 2400 542 2466 consilium
565 2400 740 2484 damnaret,
765 2407 798 2466 at
820 2401 873 2465 ille
897 2400 1056 2466 divideret
1071 2399 1186 2465 saltem
1201 2399 1310 2484 copias

269 2503 516 2572 innumerabiles
539 2527 601 2571 neu
624 2507 683 2572 sub
705 2525 803 2570 uuum
826 2505 974 2570 fortunae
999 2505 1097 2570 ictum
1121 2510 1204 2569 totas
1227 2503 1311 2569 vires

236 2624 251 2673 3
270 2607 361 2693 regni
384 2609 499 2676 cadere
522 2617 691 2695 pateretur.
727 2610 833 2676 Minus
853 2609 915 2675 hoe
929 2610 1000 2693 regi
1018 2630 1112 2692 quam
1127 2607 1310 2694 purpuratis

271 2712 340 2780 eius
364 2712 571 2799 displicebat:
606 2713 776 2799 ancipitem
807 2713 902 2779 fidem
932 2721 964 2778 et
993 2711 1143 2779 mercede
1165 2712 1310 2778 venalem

272 2814 444 2901 proditioni
466 2817 638 2900 imminere,
663 2825 695 2883 et
719 2817 819 2883 dividi
835 2839 898 2884 non
922 2820 962 2884 ob
981 2817 1071 2883 aliud
1087 2817 1195 2902 copias
1217 2816 1309 2890 velle,

272 2941 367 3004 quam
390 2929 425 2987 ut
447 2921 518 3007 ipsi,
549 2923 580 2987 in
612 2921 738 2988 diversa
770 2921 915 3006 digressi,
947 2921 974 2986 si
1001 2921 1077 3005 quid
1107 2919 1312 2986 commissum

237 3040 253 3089 4
273 3032 369 3105 esset,
384 3024 546 3091 traderent
561 3025 761 3092 Alexandro:
785 3025 865 3091 nihil
881 3025 979 3091 tutius
996 3026 1063 3090 fore
1076 3046 1170 3108 quam
1184 3024 1312 3090 circum·

272 3129 363 3196 datos
394 3149 448 3196 eos
479 3129 621 3195 exercitu
651 3136 718 3195 toto
750 3129 841 3195 obrui
872 3130 954 3211 telis,
993 3129 1218 3194 documentum
1249 3147 1312 3192 non

237 3233 390 3299 cinultae
420 3231 573 3318 perfidiae
604 3232 736 3302 futuros.
783 3233 826 3298 At
857 3233 992 3316 Dareus,
1023 3240 1059 3297 ut
1088 3238 1155 3299 erat
1185 3237 1312 3297 sanctus

271 3359 309 3403 ao
332 3337 426 3420 mitis,
458 3357 591 3403 severo
622 3341 744 3402 tantum
776 3337 898 3403 facinus
922 3344 1019 3420 negat
1049 3356 1120 3402 esse
1143 3333 1309 3416 facturum,

272 3448 306 3508 ut
337 3461 425 3508 suam
456 3447 582 3507 secutos
613 3439 717 3522 fidem,
753 3461 828 3508 suos
863 3441 979 3508 milites
1013 3441 1121 3506 iubeat
1151 3435 1311 3505 trucidari.

274 3545 378 3622 tluem
401 3543 518 3612 deinde
541 3545 678 3630 amplius
694 3545 858 3612 nationum
873 3553 1052 3612 exterarum
1069 3544 1206 3610 salutem
1221 3562 1312 3609 suam

273 3649 464 3715 crediturum
481 3648 551 3730 sibl,
565 3649 590 3714 si
608 3655 654 3714 tot
670 3647 807 3714 militum
823 3650 979 3734 sanguine
995 3649 1160 3715 imbuisset
1175 3647 1312 3712 manus?

238 3753 441 3820 eNeminem
486 3751 636 3820 stolidum
681 3753 849 3820 consillum
894 3754 998 3840 capite
1043 3753 1130 3819 luere
1175 3751 1312 3818 debere:

273 3857 438 3925 defuturos
461 3856 555 3938 enlm,
588 3857 640 3940 qul
665 3855 844 3940 suaderent,
877 3857 902 3923 si
935 3857 1074 3924 suasisse
1097 3855 1311 3942 periculosum
