<?xml version="1.0" encoding="UTF-8"?>
<!DOCTYPE html PUBLIC "-//W3C//DTD XHTML 1.0 Transitional//EN"
    "http://www.w3.org/TR/xhtml1/DTD/xhtml1-transitional.dtd">
<html xmlns="http://www.w3.org/1999/xhtml" xml:lang="en" lang="en">
 <head>
  <title>
</title>
<meta http-equiv="Content-Type" content="text/html;charset=utf-8" />
  <meta name='ocr-system' content='tesseract 3.04.00' />
  <meta name='ocr-capabilities' content='ocr_page ocr_carea ocr_par ocr_line ocrx_word'/>
</head>
<body>
  <div class='ocr_page' id='page_1' title='image "./qcurtirufihisto00stangoog_0138.png"; bbox 0 0 3040 4318; ppageno 0'>
   <div class='ocr_carea' id='block_1_1' title="bbox 429 195 1260 263">
    <p class='ocr_par' dir='ltr' id='par_1_1' title="bbox 429 195 1260 263">
     <span class='ocr_line' id='line_1_1' title="bbox 429 195 1260 263; baseline 0.014 -14"><span class='ocrx_word' id='word_1_1' title='bbox 429 196 680 251; x_wconf 81' lang='lat' dir='ltr'><strong>HISTORIARUM</strong></span> <span class='ocrx_word' id='word_1_2' title='bbox 698 195 912 249; x_wconf 80' lang='lat' dir='ltr'>ALEXANDRI</span> <span class='ocrx_word' id='word_1_3' title='bbox 931 198 955 251; x_wconf 91' lang='lat' dir='ltr'>V</span> <span class='ocrx_word' id='word_1_4' title='bbox 974 197 998 250; x_wconf 79' lang='grc' dir='ltr'>ὅ.</span> <span class='ocrx_word' id='word_1_5' title='bbox 1017 199 1042 250; x_wconf 88' lang='grc'>6.</span> <span class='ocrx_word' id='word_1_6' title='bbox 1197 198 1260 263; x_wconf 76' lang='lat'>105</span> 
     </span>
    </p>
   </div>
   <div class='ocr_carea' id='block_1_2' title="bbox 211 401 1312 3417">
    <p class='ocr_par' dir='ltr' id='par_1_2' title="bbox 211 401 1312 3417">
     <span class='ocr_line' id='line_1_2' title="bbox 221 401 1260 471; baseline 0.005 -5"><span class='ocrx_word' id='word_1_7' title='bbox 221 401 369 468; x_wconf 86' lang='lat' dir='ltr'>fortuito:</span> <span class='ocrx_word' id='word_1_8' title='bbox 404 405 527 471; x_wconf 84' lang='lat' dir='ltr'><strong>tristem</strong></span> <span class='ocrx_word' id='word_1_9' title='bbox 558 404 641 470; x_wconf 91' lang='lat' dir='ltr'>enim</span> <span class='ocrx_word' id='word_1_10' title='bbox 671 403 711 470; x_wconf 94' lang='lat' dir='ltr'>de</span> <span class='ocrx_word' id='word_1_11' title='bbox 741 404 933 470; x_wconf 82' lang='lat' dir='ltr'>mortalitate</span> <span class='ocrx_word' id='word_1_12' title='bbox 956 405 1040 470; x_wconf 87' lang='lat' dir='ltr'>ferre</span> <span class='ocrx_word' id='word_1_13' title='bbox 1070 406 1260 471; x_wconf 75' lang='lat' dir='ltr'><strong>sententiam</strong></span> 
     </span>
     <span class='ocr_line' id='line_1_3' title="bbox 221 506 1260 594; baseline 0.005 -24"><span class='ocrx_word' id='word_1_14' title='bbox 221 511 253 570; x_wconf 90' lang='lat' dir='ltr'>et</span> <span class='ocrx_word' id='word_1_15' title='bbox 290 506 462 593; x_wconf 89' lang='lat' dir='ltr'>desperare</span> <span class='ocrx_word' id='word_1_16' title='bbox 497 508 756 589; x_wconf 89' lang='lat' dir='ltr'>misericordiam,</span> <span class='ocrx_word' id='word_1_17' title='bbox 796 509 849 592; x_wconf 93' lang='lat' dir='ltr'>qui</span> <span class='ocrx_word' id='word_1_18' title='bbox 887 509 957 594; x_wconf 86' lang='lat' dir='ltr'>ipsc</span> <span class='ocrx_word' id='word_1_19' title='bbox 991 509 1083 575; x_wconf 89' lang='lat' dir='ltr'>alteri</span> <span class='ocrx_word' id='word_1_20' title='bbox 1121 509 1260 594; x_wconf 86' lang='lat' dir='ltr'>denega·</span> 
     </span>
     <span class='ocr_line' id='line_1_4' title="bbox 220 612 1312 698; baseline 0.005 -23"><span class='ocrx_word' id='word_1_21' title='bbox 220 616 309 676; x_wconf 89' lang='lat' dir='ltr'>turns</span> <span class='ocrx_word' id='word_1_22' title='bbox 348 612 397 677; x_wconf 90' lang='lat' dir='ltr'>sit.</span> <span class='ocrx_word' id='word_1_23' title='bbox 453 613 549 692; x_wconf 85' lang='lat' dir='ltr'>Deos,</span> <span class='ocrx_word' id='word_1_24' title='bbox 597 613 681 695; x_wconf 93' lang='lat' dir='ltr'>quod</span> <span class='ocrx_word' id='word_1_25' title='bbox 726 613 790 697; x_wconf 87' lang='lat' dir='ltr'>ipsi</span> <span class='ocrx_word' id='word_1_26' title='bbox 833 633 1004 695; x_wconf 83' lang='lat' dir='ltr'>numquam</span> <span class='ocrx_word' id='word_1_27' title='bbox 1041 620 1152 698; x_wconf 90' lang='lat' dir='ltr'>optare</span> <span class='ocrx_word' id='word_1_28' title='bbox 1189 615 1260 680; x_wconf 90' lang='lat' dir='ltr'>ausi</span> <span class='ocrx_word' id='word_1_29' title='bbox 1280 629 1312 680; x_wconf 87' lang='lat'>18</span> 
     </span>
     <span class='ocr_line' id='line_1_5' title="bbox 220 715 1260 802; baseline 0.006 -24"><span class='ocrx_word' id='word_1_30' title='bbox 220 715 334 797; x_wconf 85' lang='lat' dir='ltr'>forent,</span> <span class='ocrx_word' id='word_1_31' title='bbox 369 716 501 782; x_wconf 88' lang='lat' dir='ltr'>offerre:</span> <span class='ocrx_word' id='word_1_32' title='bbox 532 717 677 802; x_wconf 89' lang='lat' dir='ltr'>patriam,</span> <span class='ocrx_word' id='word_1_33' title='bbox 709 717 874 800; x_wconf 85' lang='lat' dir='ltr'>coniuges,</span> <span class='ocrx_word' id='word_1_34' title='bbox 906 717 1024 782; x_wconf 88' lang='lat' dir='ltr'>liberos</span> <span class='ocrx_word' id='word_1_35' title='bbox 1047 724 1079 784; x_wconf 93' lang='lat' dir='ltr'>et</span> <span class='ocrx_word' id='word_1_36' title='bbox 1109 718 1260 802; x_wconf 90' lang='lat' dir='ltr'>quiequid</span> 
     </span>
     <span class='ocr_line' id='line_1_6' title="bbox 220 819 1312 901; baseline 0.004 -17"><span class='ocrx_word' id='word_1_37' title='bbox 220 819 366 887; x_wconf 88' lang='lat' dir='ltr'>homines</span> <span class='ocrx_word' id='word_1_38' title='bbox 389 823 441 887; x_wconf 91' lang='lat' dir='ltr'>vel</span> <span class='ocrx_word' id='word_1_39' title='bbox 463 823 530 888; x_wconf 86' lang='lat' dir='ltr'>vita</span> <span class='ocrx_word' id='word_1_40' title='bbox 552 823 723 887; x_wconf 88' lang='lat' dir='ltr'>aestimant</span> <span class='ocrx_word' id='word_1_41' title='bbox 752 823 806 888; x_wconf 88' lang='lat' dir='ltr'>vel</span> <span class='ocrx_word' id='word_1_42' title='bbox 835 828 935 887; x_wconf 86' lang='lat' dir='ltr'>morte</span> <span class='ocrx_word' id='word_1_43' title='bbox 958 822 1127 888; x_wconf 89' lang='lat' dir='ltr'>redimunt.</span> <span class='ocrx_word' id='word_1_44' title='bbox 1175 824 1259 901; x_wconf 81' lang='lat' dir='ltr'>Quin</span> <span class='ocrx_word' id='word_1_45' title='bbox 1280 837 1312 888; x_wconf 87' lang='lat'>19</span> 
     </span>
     <span class='ocr_line' id='line_1_7' title="bbox 219 923 1260 1010; baseline 0.004 -22"><span class='ocrx_word' id='word_1_46' title='bbox 219 923 266 988; x_wconf 94' lang='lat' dir='ltr'>illi</span> <span class='ocrx_word' id='word_1_47' title='bbox 289 945 329 989; x_wconf 85' lang='lat' dir='ltr'>ex</span> <span class='ocrx_word' id='word_1_48' title='bbox 353 925 413 991; x_wconf 92' lang='lat' dir='ltr'>hoc</span> <span class='ocrx_word' id='word_1_49' title='bbox 438 947 567 991; x_wconf 87' lang='lat' dir='ltr'>carcere</span> <span class='ocrx_word' id='word_1_50' title='bbox 590 927 817 1010; x_wconf 81' lang='lat' dir='ltr'>erumperent?</span> <span class='ocrx_word' id='word_1_51' title='bbox 855 927 953 991; x_wconf 90' lang='lat' dir='ltr'>alium</span> <span class='ocrx_word' id='word_1_52' title='bbox 976 926 1061 991; x_wconf 92' lang='lat' dir='ltr'>domi</span> <span class='ocrx_word' id='word_1_53' title='bbox 1085 945 1155 992; x_wconf 87' lang='lat' dir='ltr'>esse</span> <span class='ocrx_word' id='word_1_54' title='bbox 1178 928 1260 992; x_wconf 90' lang='lat' dir='ltr'>caeli</span> 
     </span>
     <span class='ocr_line' id='line_1_8' title="bbox 218 1028 1259 1115; baseline 0.006 -23"><span class='ocrx_word' id='word_1_55' title='bbox 218 1028 379 1109; x_wconf 88' lang='lat' dir='ltr'>haustum,</span> <span class='ocrx_word' id='word_1_56' title='bbox 401 1031 499 1094; x_wconf 89' lang='lat' dir='ltr'>alium</span> <span class='ocrx_word' id='word_1_57' title='bbox 522 1030 604 1095; x_wconf 91' lang='lat' dir='ltr'>lucis</span> <span class='ocrx_word' id='word_1_58' title='bbox 627 1037 803 1115; x_wconf 86' lang='lat' dir='ltr'>aspectum.</span> <span class='ocrx_word' id='word_1_59' title='bbox 851 1030 966 1112; x_wconf 89' lang='lat' dir='ltr'>Mores,</span> <span class='ocrx_word' id='word_1_60' title='bbox 998 1050 1097 1112; x_wconf 89' lang='lat' dir='ltr'>sacra,</span> <span class='ocrx_word' id='word_1_61' title='bbox 1128 1031 1259 1115; x_wconf 84' lang='lat' dir='ltr'>linguae</span> 
     </span>
     <span class='ocr_line' id='line_1_9' title="bbox 218 1133 1260 1221; baseline 0.002 -23"><span class='ocrx_word' id='word_1_62' title='bbox 218 1133 442 1198; x_wconf 81' lang='lat' dir='ltr'>commercium</span> <span class='ocrx_word' id='word_1_63' title='bbox 478 1134 574 1199; x_wconf 88' lang='lat' dir='ltr'>etiam</span> <span class='ocrx_word' id='word_1_64' title='bbox 607 1156 628 1199; x_wconf 92' lang='lat' dir='ltr'>a</span> <span class='ocrx_word' id='word_1_65' title='bbox 661 1135 807 1200; x_wconf 87' lang='lat' dir='ltr'>barbaris</span> <span class='ocrx_word' id='word_1_66' title='bbox 840 1135 965 1221; x_wconf 80' lang='lat' dir='ltr'>expeti:</span> <span class='ocrx_word' id='word_1_67' title='bbox 1000 1155 1082 1217; x_wconf 89' lang='lat' dir='ltr'>quae</span> <span class='ocrx_word' id='word_1_68' title='bbox 1115 1135 1260 1219; x_wconf 86' lang='lat' dir='ltr'>ingenita</span> 
     </span>
     <span class='ocr_line' id='line_1_10' title="bbox 217 1235 1258 1324; baseline 0.003 -23"><span class='ocrx_word' id='word_1_69' title='bbox 217 1237 281 1322; x_wconf 88' lang='lat' dir='ltr'>ipsi</span> <span class='ocrx_word' id='word_1_70' title='bbox 304 1235 451 1304; x_wconf 91' lang='lat' dir='ltr'>omissuri</span> <span class='ocrx_word' id='word_1_71' title='bbox 473 1239 536 1304; x_wconf 87' lang='lat' dir='ltr'>sint</span> <span class='ocrx_word' id='word_1_72' title='bbox 560 1259 618 1304; x_wconf 90' lang='lat' dir='ltr'>sua</span> <span class='ocrx_word' id='word_1_73' title='bbox 640 1247 763 1324; x_wconf 86' lang='lat' dir='ltr'>sponte,</span> <span class='ocrx_word' id='word_1_74' title='bbox 788 1260 851 1304; x_wconf 88' lang='lat' dir='ltr'>non</span> <span class='ocrx_word' id='word_1_75' title='bbox 875 1239 915 1305; x_wconf 93' lang='lat' dir='ltr'>ob</span> <span class='ocrx_word' id='word_1_76' title='bbox 938 1239 1029 1304; x_wconf 87' lang='lat' dir='ltr'>aliud</span> <span class='ocrx_word' id='word_1_77' title='bbox 1050 1247 1116 1304; x_wconf 89' lang='lat' dir='ltr'>tam</span> <span class='ocrx_word' id='word_1_78' title='bbox 1132 1240 1258 1305; x_wconf 87' lang='lat' dir='ltr'>calami-</span> 
     </span>
     <span class='ocr_line' id='line_1_11' title="bbox 216 1342 1312 1427; baseline 0.006 -21"><span class='ocrx_word' id='word_1_79' title='bbox 216 1342 289 1422; x_wconf 88' lang='lat' dir='ltr'>tosi,</span> <span class='ocrx_word' id='word_1_80' title='bbox 323 1365 419 1426; x_wconf 86' lang='lat' dir='ltr'>quam</span> <span class='ocrx_word' id='word_1_81' title='bbox 448 1344 534 1427; x_wconf 92' lang='lat' dir='ltr'>quod</span> <span class='ocrx_word' id='word_1_82' title='bbox 564 1345 629 1412; x_wconf 92' lang='lat' dir='ltr'>illis</span> <span class='ocrx_word' id='word_1_83' title='bbox 658 1365 768 1410; x_wconf 86' lang='lat' dir='ltr'>carere</span> <span class='ocrx_word' id='word_1_84' title='bbox 798 1345 900 1411; x_wconf 85' lang='lat' dir='ltr'>eoacti</span> <span class='ocrx_word' id='word_1_85' title='bbox 931 1353 1048 1411; x_wconf 88' lang='lat' dir='ltr'>essent</span> <span class='ocrx_word' id='word_1_86' title='bbox 1097 1345 1140 1412; x_wconf 89' lang='lat' dir='ltr'>Se</span> <span class='ocrx_word' id='word_1_87' title='bbox 1170 1356 1257 1412; x_wconf 89' lang='lat' dir='ltr'>certe</span> <span class='ocrx_word' id='word_1_88' title='bbox 1277 1362 1312 1412; x_wconf 85' lang='lat'>20</span> 
     </span>
     <span class='ocr_line' id='line_1_12' title="bbox 216 1447 1257 1534; baseline 0.005 -22"><span class='ocrx_word' id='word_1_89' title='bbox 216 1447 392 1513; x_wconf 90' lang='lat' dir='ltr'>rediturum</span> <span class='ocrx_word' id='word_1_90' title='bbox 414 1448 457 1514; x_wconf 89' lang='lat' dir='ltr'>ad</span> <span class='ocrx_word' id='word_1_91' title='bbox 479 1457 613 1533; x_wconf 86' lang='lat' dir='ltr'>penates</span> <span class='ocrx_word' id='word_1_92' title='bbox 636 1456 669 1515; x_wconf 93' lang='lat' dir='ltr'>et</span> <span class='ocrx_word' id='word_1_93' title='bbox 698 1450 731 1514; x_wconf 92' lang='lat' dir='ltr'>in</span> <span class='ocrx_word' id='word_1_94' title='bbox 761 1450 897 1534; x_wconf 88' lang='lat' dir='ltr'>patriam</span> <span class='ocrx_word' id='word_1_95' title='bbox 926 1456 1078 1532; x_wconf 82' lang='lat' dir='ltr'>tantoque</span> <span class='ocrx_word' id='word_1_96' title='bbox 1100 1451 1257 1517; x_wconf 86' lang='lat' dir='ltr'>beneficio</span> 
     </span>
     <span class='ocr_line' id='line_1_13' title="bbox 216 1552 1257 1641; baseline 0.003 -23"><span class='ocrx_word' id='word_1_97' title='bbox 216 1552 303 1636; x_wconf 85' lang='lat' dir='ltr'>regis</span> <span class='ocrx_word' id='word_1_98' title='bbox 326 1572 475 1619; x_wconf 90' lang='lat' dir='ltr'>usurum:</span> <span class='ocrx_word' id='word_1_99' title='bbox 506 1553 534 1618; x_wconf 93' lang='lat' dir='ltr'>si</span> <span class='ocrx_word' id='word_1_100' title='bbox 565 1573 643 1637; x_wconf 91' lang='lat' dir='ltr'>quos</span> <span class='ocrx_word' id='word_1_101' title='bbox 674 1553 873 1619; x_wconf 76' lang='lat' dir='ltr'>contubernii</span> <span class='ocrx_word' id='word_1_102' title='bbox 904 1553 1146 1641; x_wconf 89' lang='lat' dir='ltr'>liberorumque,</span> <span class='ocrx_word' id='word_1_103' title='bbox 1177 1575 1257 1639; x_wconf 90' lang='lat' dir='ltr'>quos</span> 
     </span>
     <span class='ocr_line' id='line_1_14' title="bbox 218 1660 1260 1744; baseline 0 -17"><span class='ocrx_word' id='word_1_104' title='bbox 218 1661 356 1727; x_wconf 78' lang='lat' dir='ltr'>semitas</span> <span class='ocrx_word' id='word_1_105' title='bbox 394 1660 556 1744; x_wconf 81' lang='lat' dir='ltr'>coegisset</span> <span class='ocrx_word' id='word_1_106' title='bbox 592 1680 780 1744; x_wconf 81' lang='lat' dir='ltr'>agnoscere,</span> <span class='ocrx_word' id='word_1_107' title='bbox 825 1680 914 1726; x_wconf 89' lang='lat' dir='ltr'>amor</span> <span class='ocrx_word' id='word_1_108' title='bbox 955 1660 1121 1744; x_wconf 85' lang='lat' dir='ltr'>detineret,</span> <span class='ocrx_word' id='word_1_109' title='bbox 1168 1663 1260 1727; x_wconf 92' lang='lat' dir='ltr'>relin-</span> 
     </span>
     <span class='ocr_line' id='line_1_15' title="bbox 215 1765 1309 1850; baseline -0.003 -19"><span class='ocrx_word' id='word_1_110' title='bbox 215 1771 357 1850; x_wconf 87' lang='lat' dir='ltr'>querent,</span> <span class='ocrx_word' id='word_1_111' title='bbox 382 1765 497 1849; x_wconf 93' lang='lat' dir='ltr'>quibus</span> <span class='ocrx_word' id='word_1_112' title='bbox 520 1765 602 1830; x_wconf 94' lang='lat' dir='ltr'>nihil</span> <span class='ocrx_word' id='word_1_113' title='bbox 624 1766 730 1850; x_wconf 89' lang='lat' dir='ltr'>patria</span> <span class='ocrx_word' id='word_1_114' title='bbox 754 1766 860 1831; x_wconf 88' lang='lat' dir='ltr'>carius</span> <span class='ocrx_word' id='word_1_115' title='bbox 883 1772 942 1830; x_wconf 88' lang='lat' dir='ltr'>cst.</span> <span class='ocrx_word' id='word_1_116' title='bbox 970 1803 1012 1812; x_wconf 96' lang='lat'>—</span> <span class='ocrx_word' id='word_1_117' title='bbox 1042 1765 1141 1831; x_wconf 85' lang='lat' dir='ltr'>Pauci</span> <span class='ocrx_word' id='word_1_118' title='bbox 1164 1765 1259 1832; x_wconf 90' lang='lat' dir='ltr'>huius</span> <span class='ocrx_word' id='word_1_119' title='bbox 1277 1780 1309 1830; x_wconf 85' lang='lat'>21</span> 
     </span>
     <span class='ocr_line' id='line_1_16' title="bbox 215 1869 1259 1956; baseline 0 -20"><span class='ocrx_word' id='word_1_120' title='bbox 215 1869 392 1936; x_wconf 87' lang='lat' dir='ltr'>sententiae</span> <span class='ocrx_word' id='word_1_121' title='bbox 407 1870 513 1936; x_wconf 87' lang='lat' dir='ltr'>fuere:</span> <span class='ocrx_word' id='word_1_122' title='bbox 539 1875 664 1936; x_wconf 84' lang='lat' dir='ltr'>ceteros</span> <span class='ocrx_word' id='word_1_123' title='bbox 679 1870 887 1952; x_wconf 88' lang='lat' dir='ltr'>consuetudo,</span> <span class='ocrx_word' id='word_1_124' title='bbox 911 1875 1026 1935; x_wconf 89' lang='lat' dir='ltr'>natura</span> <span class='ocrx_word' id='word_1_125' title='bbox 1041 1869 1155 1956; x_wconf 87' lang='lat' dir='ltr'>potior,</span> <span class='ocrx_word' id='word_1_126' title='bbox 1171 1871 1259 1937; x_wconf 86' lang='lat' dir='ltr'>vicit.</span> 
     </span>
     <span class='ocr_line' id='line_1_17' title="bbox 214 1974 1258 2061; baseline -0.002 -18"><span class='ocrx_word' id='word_1_127' title='bbox 214 1977 459 2056; x_wconf 71' lang='lat' dir='ltr'>Consenserunt,</span> <span class='ocrx_word' id='word_1_128' title='bbox 490 1974 663 2060; x_wconf 86' lang='lat' dir='ltr'>petendum</span> <span class='ocrx_word' id='word_1_129' title='bbox 695 1995 765 2040; x_wconf 90' lang='lat' dir='ltr'>esse</span> <span class='ocrx_word' id='word_1_130' title='bbox 791 1997 811 2039; x_wconf 90' lang='lat' dir='ltr'>a</span> <span class='ocrx_word' id='word_1_131' title='bbox 833 1995 919 2058; x_wconf 85' lang='lat' dir='ltr'>rege,</span> <span class='ocrx_word' id='word_1_132' title='bbox 950 1983 985 2040; x_wconf 90' lang='lat' dir='ltr'>ut</span> <span class='ocrx_word' id='word_1_133' title='bbox 1014 1975 1156 2058; x_wconf 86' lang='lat' dir='ltr'>aliquam</span> <span class='ocrx_word' id='word_1_134' title='bbox 1177 1976 1258 2061; x_wconf 89' lang='lat' dir='ltr'>ipsis</span> 
     </span>
     <span class='ocr_line' id='line_1_18' title="bbox 213 2078 1310 2163; baseline -0.002 -18"><span class='ocrx_word' id='word_1_135' title='bbox 213 2078 401 2146; x_wconf 89' lang='lat' dir='ltr'>attribueret</span> <span class='ocrx_word' id='word_1_136' title='bbox 417 2079 535 2145; x_wconf 87' lang='lat' dir='ltr'>sedem.</span> <span class='ocrx_word' id='word_1_137' title='bbox 574 2091 594 2144; x_wconf 83' lang='lat' dir='ltr'>G</span> <span class='ocrx_word' id='word_1_138' title='bbox 613 2079 655 2144; x_wconf 89' lang='lat' dir='ltr'>ad</span> <span class='ocrx_word' id='word_1_139' title='bbox 670 2079 732 2145; x_wconf 90' lang='lat' dir='ltr'>hoc</span> <span class='ocrx_word' id='word_1_140' title='bbox 749 2079 843 2145; x_wconf 90' lang='lat' dir='ltr'>electi</span> <span class='ocrx_word' id='word_1_141' title='bbox 860 2084 951 2144; x_wconf 89' lang='lat' dir='ltr'>sunt:</span> <span class='ocrx_word' id='word_1_142' title='bbox 976 2098 1055 2163; x_wconf 92' lang='lat' dir='ltr'>quos</span> <span class='ocrx_word' id='word_1_143' title='bbox 1074 2080 1258 2146; x_wconf 83' lang='lat' dir='ltr'>Alexander</span> <span class='ocrx_word' id='word_1_144' title='bbox 1277 2094 1310 2144; x_wconf 84' lang='lat'>22</span> 
     </span>
     <span class='ocr_line' id='line_1_19' title="bbox 214 2184 1257 2269; baseline 0.001 -20"><span class='ocrx_word' id='word_1_145' title='bbox 214 2192 310 2265; x_wconf 88' lang='lat' dir='ltr'>ratus,</span> <span class='ocrx_word' id='word_1_146' title='bbox 327 2185 411 2266; x_wconf 93' lang='lat' dir='ltr'>quod</span> <span class='ocrx_word' id='word_1_147' title='bbox 426 2184 497 2268; x_wconf 91' lang='lat' dir='ltr'>ipsc</span> <span class='ocrx_word' id='word_1_148' title='bbox 513 2191 677 2269; x_wconf 85' lang='lat' dir='ltr'>praestare</span> <span class='ocrx_word' id='word_1_149' title='bbox 692 2185 864 2268; x_wconf 86' lang='lat' dir='ltr'>cogitabat,</span> <span class='ocrx_word' id='word_1_150' title='bbox 882 2185 1049 2269; x_wconf 87' lang='lat' dir='ltr'>petituros,</span> <span class='ocrx_word' id='word_1_151' title='bbox 1071 2185 1257 2265; x_wconf 84' lang='lat' dir='ltr'>‘Iumenta’,</span> 
     </span>
     <span class='ocr_line' id='line_1_20' title="bbox 213 2289 1257 2374; baseline 0 -20"><span class='ocrx_word' id='word_1_152' title='bbox 213 2289 325 2372; x_wconf 89' lang='lat' dir='ltr'>inquit,</span> <span class='ocrx_word' id='word_1_153' title='bbox 345 2289 526 2372; x_wconf 74' lang='lat' dir='ltr'>‘assignari</span> <span class='ocrx_word' id='word_1_154' title='bbox 550 2310 705 2373; x_wconf 81' lang='lat' dir='ltr'>quaeres</span> <span class='ocrx_word' id='word_1_155' title='bbox 722 2289 885 2370; x_wconf 89' lang='lat' dir='ltr'>veherent,</span> <span class='ocrx_word' id='word_1_156' title='bbox 910 2298 942 2356; x_wconf 90' lang='lat' dir='ltr'>et</span> <span class='ocrx_word' id='word_1_157' title='bbox 964 2291 1102 2374; x_wconf 81' lang='lat' dir='ltr'>singulis</span> <span class='ocrx_word' id='word_1_158' title='bbox 1118 2297 1257 2357; x_wconf 88' lang='lat' dir='ltr'>vestrum</span> 
     </span>
     <span class='ocr_line' id='line_1_21' title="bbox 213 2393 1256 2477; baseline 0.001 -19"><span class='ocrx_word' id='word_1_159' title='bbox 213 2393 303 2458; x_wconf 89' lang='lat' dir='ltr'>milia</span> <span class='ocrx_word' id='word_1_160' title='bbox 327 2393 491 2459; x_wconf 87' lang='lat' dir='ltr'>denarium</span> <span class='ocrx_word' id='word_1_161' title='bbox 515 2395 584 2460; x_wconf 89' lang='lat' dir='ltr'>dari</span> <span class='ocrx_word' id='word_1_162' title='bbox 607 2395 696 2460; x_wconf 88' lang='lat' dir='ltr'>iussi.</span> <span class='ocrx_word' id='word_1_163' title='bbox 738 2393 816 2459; x_wconf 77' lang='lat' dir='ltr'>Cum</span> <span class='ocrx_word' id='word_1_164' title='bbox 839 2393 1000 2459; x_wconf 89' lang='lat' dir='ltr'>redieritis</span> <span class='ocrx_word' id='word_1_165' title='bbox 1022 2395 1056 2460; x_wconf 94' lang='lat' dir='ltr'>in</span> <span class='ocrx_word' id='word_1_166' title='bbox 1079 2395 1256 2477; x_wconf 81' lang='lat' dir='ltr'>Graeciam,</span> 
     </span>
     <span class='ocr_line' id='line_1_22' title="bbox 213 2499 1255 2584; baseline 0.001 -22"><span class='ocrx_word' id='word_1_167' title='bbox 213 2500 392 2584; x_wconf 84' lang='lat' dir='ltr'>praestabo,</span> <span class='ocrx_word' id='word_1_168' title='bbox 417 2518 458 2564; x_wconf 92' lang='lat' dir='ltr'>ne</span> <span class='ocrx_word' id='word_1_169' title='bbox 481 2500 535 2582; x_wconf 92' lang='lat' dir='ltr'>qui</span> <span class='ocrx_word' id='word_1_170' title='bbox 557 2504 675 2564; x_wconf 86' lang='lat' dir='ltr'>statum</span> <span class='ocrx_word' id='word_1_171' title='bbox 698 2519 797 2580; x_wconf 90' lang='lat' dir='ltr'>suum,</span> <span class='ocrx_word' id='word_1_172' title='bbox 823 2499 849 2564; x_wconf 93' lang='lat' dir='ltr'>si</span> <span class='ocrx_word' id='word_1_173' title='bbox 873 2499 953 2564; x_wconf 90' lang='lat' dir='ltr'>haec</span> <span class='ocrx_word' id='word_1_174' title='bbox 975 2499 1139 2564; x_wconf 88' lang='lat' dir='ltr'>calamitas</span> <span class='ocrx_word' id='word_1_175' title='bbox 1161 2500 1255 2581; x_wconf 88' lang='lat' dir='ltr'>absit,</span> 
     </span>
     <span class='ocr_line' id='line_1_23' title="bbox 213 2601 1307 2670; baseline 0.001 -2"><span class='ocrx_word' id='word_1_176' title='bbox 213 2609 320 2668; x_wconf 87' lang='lat' dir='ltr'>vestro</span> <span class='ocrx_word' id='word_1_177' title='bbox 358 2601 468 2668; x_wconf 87' lang='lat' dir='ltr'>eredat</span> <span class='ocrx_word' id='word_1_178' title='bbox 505 2621 576 2668; x_wconf 87' lang='lat' dir='ltr'>esse</span> <span class='ocrx_word' id='word_1_179' title='bbox 613 2603 798 2668; x_wconf 73' lang='lat' dir='ltr'>meliorem?</span> <span class='ocrx_word' id='word_1_180' title='bbox 859 2603 910 2667; x_wconf 91' lang='lat' dir='ltr'>Illi</span> <span class='ocrx_word' id='word_1_181' title='bbox 957 2604 1078 2670; x_wconf 90' lang='lat' dir='ltr'>obortis</span> <span class='ocrx_word' id='word_1_182' title='bbox 1116 2604 1255 2670; x_wconf 89' lang='lat' dir='ltr'>lacrimis</span> <span class='ocrx_word' id='word_1_183' title='bbox 1274 2621 1307 2669; x_wconf 85' lang='lat'>23</span> 
     </span>
     <span class='ocr_line' id='line_1_24' title="bbox 213 2697 1258 2792; baseline 0 -20"><span class='ocrx_word' id='word_1_184' title='bbox 213 2713 331 2773; x_wconf 88' lang='lat' dir='ltr'>terram</span> <span class='ocrx_word' id='word_1_185' title='bbox 361 2697 565 2773; x_wconf 87' lang='lat' dir='ltr'>intuebantur</span> <span class='ocrx_word' id='word_1_186' title='bbox 600 2728 658 2772; x_wconf 90' lang='lat' dir='ltr'>nec</span> <span class='ocrx_word' id='word_1_187' title='bbox 693 2713 748 2772; x_wconf 87' lang='lat' dir='ltr'>ant</span> <span class='ocrx_word' id='word_1_188' title='bbox 782 2709 907 2791; x_wconf 86' lang='lat' dir='ltr'>erigere</span> <span class='ocrx_word' id='word_1_189' title='bbox 941 2708 1047 2774; x_wconf 90' lang='lat' dir='ltr'>vultus</span> <span class='ocrx_word' id='word_1_190' title='bbox 1082 2717 1138 2774; x_wconf 89' lang='lat' dir='ltr'>ant</span> <span class='ocrx_word' id='word_1_191' title='bbox 1172 2709 1258 2792; x_wconf 90' lang='lat' dir='ltr'>loqui</span> 
     </span>
     <span class='ocr_line' id='line_1_25' title="bbox 212 2812 1258 2897; baseline 0.002 -20"><span class='ocrx_word' id='word_1_192' title='bbox 212 2813 389 2878; x_wconf 89' lang='lat' dir='ltr'>audebant:</span> <span class='ocrx_word' id='word_1_193' title='bbox 435 2812 564 2878; x_wconf 90' lang='lat' dir='ltr'>tandem</span> <span class='ocrx_word' id='word_1_194' title='bbox 610 2833 688 2896; x_wconf 83' lang='lat' dir='ltr'>rege</span> <span class='ocrx_word' id='word_1_195' title='bbox 733 2813 885 2879; x_wconf 88' lang='lat' dir='ltr'>tristitiae</span> <span class='ocrx_word' id='word_1_196' title='bbox 930 2833 1061 2878; x_wconf 88' lang='lat' dir='ltr'>oausam</span> <span class='ocrx_word' id='word_1_197' title='bbox 1106 2814 1258 2897; x_wconf 85' lang='lat' dir='ltr'>exigente</span> 
     </span>
     <span class='ocr_line' id='line_1_26' title="bbox 213 2916 1257 3004; baseline 0.004 -24"><span class='ocrx_word' id='word_1_198' title='bbox 213 2917 390 2982; x_wconf 84' lang='lat' dir='ltr'>Euctemon</span> <span class='ocrx_word' id='word_1_199' title='bbox 414 2916 531 2982; x_wconf 91' lang='lat' dir='ltr'>similia</span> <span class='ocrx_word' id='word_1_200' title='bbox 553 2917 601 3001; x_wconf 79' lang='lat' dir='ltr'>iia,</span> <span class='ocrx_word' id='word_1_201' title='bbox 625 2939 706 3000; x_wconf 91' lang='lat' dir='ltr'>qnae</span> <span class='ocrx_word' id='word_1_202' title='bbox 725 2919 758 2982; x_wconf 93' lang='lat' dir='ltr'>in</span> <span class='ocrx_word' id='word_1_203' title='bbox 774 2917 906 2983; x_wconf 87' lang='lat' dir='ltr'>consilio</span> <span class='ocrx_word' id='word_1_204' title='bbox 923 2918 1056 3000; x_wconf 86' lang='lat' dir='ltr'>dixerat,</span> <span class='ocrx_word' id='word_1_205' title='bbox 1080 2918 1257 3004; x_wconf 86' lang='lat' dir='ltr'>respondit.</span> 
     </span>
     <span class='ocr_line' id='line_1_27' title="bbox 213 3021 1308 3108; baseline 0.001 -23"><span class='ocrx_word' id='word_1_206' title='bbox 213 3021 319 3104; x_wconf 87' lang='lat' dir='ltr'>Atque</span> <span class='ocrx_word' id='word_1_207' title='bbox 342 3021 406 3103; x_wconf 86' lang='lat' dir='ltr'>ille,</span> <span class='ocrx_word' id='word_1_208' title='bbox 429 3041 492 3086; x_wconf 92' lang='lat' dir='ltr'>non</span> <span class='ocrx_word' id='word_1_209' title='bbox 515 3023 660 3088; x_wconf 88' lang='lat' dir='ltr'>fortunae</span> <span class='ocrx_word' id='word_1_210' title='bbox 683 3023 786 3088; x_wconf 91' lang='lat' dir='ltr'>solnm</span> <span class='ocrx_word' id='word_1_211' title='bbox 809 3043 928 3103; x_wconf 89' lang='lat' dir='ltr'>eorum,</span> <span class='ocrx_word' id='word_1_212' title='bbox 949 3022 1006 3088; x_wconf 88' lang='lat' dir='ltr'>sed</span> <span class='ocrx_word' id='word_1_213' title='bbox 1030 3022 1125 3088; x_wconf 88' lang='lat' dir='ltr'>ctiam</span> <span class='ocrx_word' id='word_1_214' title='bbox 1148 3023 1254 3108; x_wconf 90' lang='lat' dir='ltr'>paeni·</span> <span class='ocrx_word' id='word_1_215' title='bbox 1274 3037 1308 3086; x_wconf 82' lang='grc'>24</span> 
     </span>
     <span class='ocr_line' id='line_1_28' title="bbox 212 3126 1257 3210; baseline 0.001 -20"><span class='ocrx_word' id='word_1_216' title='bbox 212 3126 333 3192; x_wconf 88' lang='lat' dir='ltr'>tentiae</span> <span class='ocrx_word' id='word_1_217' title='bbox 366 3126 525 3207; x_wconf 87' lang='lat' dir='ltr'>misertus,</span> <span class='ocrx_word' id='word_1_218' title='bbox 559 3135 649 3192; x_wconf 88' lang='lat' dir='ltr'>terna</span> <span class='ocrx_word' id='word_1_219' title='bbox 683 3127 771 3192; x_wconf 88' lang='lat' dir='ltr'>milia</span> <span class='ocrx_word' id='word_1_220' title='bbox 809 3126 975 3192; x_wconf 88' lang='lat' dir='ltr'>denarium</span> <span class='ocrx_word' id='word_1_221' title='bbox 1014 3127 1149 3210; x_wconf 83' lang='lat' dir='ltr'>singulis</span> <span class='ocrx_word' id='word_1_222' title='bbox 1188 3127 1257 3192; x_wconf 90' lang='lat' dir='ltr'>dari</span> 
     </span>
     <span class='ocr_line' id='line_1_29' title="bbox 212 3228 1257 3315; baseline 0.002 -21"><span class='ocrx_word' id='word_1_223' title='bbox 212 3229 321 3294; x_wconf 89' lang='lat' dir='ltr'>iussit:</span> <span class='ocrx_word' id='word_1_224' title='bbox 347 3228 449 3295; x_wconf 90' lang='lat' dir='ltr'>denae</span> <span class='ocrx_word' id='word_1_225' title='bbox 465 3238 571 3295; x_wconf 86' lang='lat' dir='ltr'>vestes</span> <span class='ocrx_word' id='word_1_226' title='bbox 587 3230 733 3296; x_wconf 88' lang='lat' dir='ltr'>adiectae</span> <span class='ocrx_word' id='word_1_227' title='bbox 752 3238 834 3312; x_wconf 92' lang='lat' dir='ltr'>sunt,</span> <span class='ocrx_word' id='word_1_228' title='bbox 859 3238 890 3295; x_wconf 89' lang='lat' dir='ltr'>et</span> <span class='ocrx_word' id='word_1_229' title='bbox 905 3237 1049 3295; x_wconf 86' lang='lat' dir='ltr'>annenta</span> <span class='ocrx_word' id='word_1_230' title='bbox 1071 3251 1143 3296; x_wconf 93' lang='lat' dir='ltr'>cnm</span> <span class='ocrx_word' id='word_1_231' title='bbox 1166 3251 1257 3315; x_wconf 90' lang='lat' dir='ltr'>peco-</span> 
     </span>
     <span class='ocr_line' id='line_1_30' title="bbox 211 3333 1258 3417; baseline 0.002 -19"><span class='ocrx_word' id='word_1_232' title='bbox 211 3333 299 3398; x_wconf 88' lang='lat' dir='ltr'>ribus</span> <span class='ocrx_word' id='word_1_233' title='bbox 336 3353 374 3398; x_wconf 89' lang='lat' dir='ltr'>ao</span> <span class='ocrx_word' id='word_1_234' title='bbox 405 3334 564 3399; x_wconf 79' lang='lat' dir='ltr'>frumento</span> <span class='ocrx_word' id='word_1_235' title='bbox 595 3334 680 3416; x_wconf 85' lang='lat' dir='ltr'>data,</span> <span class='ocrx_word' id='word_1_236' title='bbox 712 3343 746 3399; x_wconf 90' lang='lat' dir='ltr'>nt</span> <span class='ocrx_word' id='word_1_237' title='bbox 777 3335 839 3400; x_wconf 89' lang='lat' dir='ltr'>coli</span> <span class='ocrx_word' id='word_1_238' title='bbox 871 3334 996 3417; x_wconf 88' lang='lat' dir='ltr'>serique</span> <span class='ocrx_word' id='word_1_239' title='bbox 1026 3335 1196 3400; x_wconf 87' lang='lat' dir='ltr'>attributus</span> <span class='ocrx_word' id='word_1_240' title='bbox 1219 3334 1258 3400; x_wconf 91' lang='lat' dir='ltr'>iis</span> 
     </span>
    </p>
   </div>
   <div class='ocr_carea' id='block_1_3' title="bbox 212 3445 807 3600">
    <p class='ocr_par' dir='ltr' id='par_1_3' title="bbox 212 3445 807 3600">
     <span class='ocr_line' id='line_1_31' title="bbox 212 3445 435 3522; baseline 0.004 -21"><span class='ocrx_word' id='word_1_241' title='bbox 212 3457 293 3520; x_wconf 84' lang='lat' dir='ltr'>ager</span> <span class='ocrx_word' id='word_1_242' title='bbox 314 3445 435 3522; x_wconf 87' lang='lat' dir='ltr'>posset.</span> 
     </span>
     <span class='ocr_line' id='line_1_32' title="bbox 674 3545 807 3600; baseline -0.008 -2"><span class='ocrx_word' id='word_1_243' title='bbox 674 3545 741 3598; x_wconf 67' lang='lat' dir='ltr'>esp,</span> <span class='ocrx_word' id='word_1_244' title='bbox 762 3546 807 3600; x_wconf 91' lang='lat' dir='ltr'>Vl.</span> 
     </span>
    </p>
   </div>
   <div class='ocr_carea' id='block_1_4' title="bbox 159 3646 1289 3943">
    <p class='ocr_par' dir='ltr' id='par_1_4' title="bbox 159 3646 1289 3943">
     <span class='ocr_line' id='line_1_33' title="bbox 159 3646 1289 3733; baseline -0.005 -15"><span class='ocrx_word' id='word_1_245' title='bbox 159 3646 203 3718; x_wconf 82' lang='grc'>20</span> <span class='ocrx_word' id='word_1_246' title='bbox 320 3647 452 3713; x_wconf 87' lang='lat' dir='ltr'>Postero</span> <span class='ocrx_word' id='word_1_247' title='bbox 491 3647 544 3714; x_wconf 90' lang='lat' dir='ltr'>dic</span> <span class='ocrx_word' id='word_1_248' title='bbox 582 3656 774 3715; x_wconf 90' lang='lat' dir='ltr'>convocatos</span> <span class='ocrx_word' id='word_1_249' title='bbox 811 3648 909 3715; x_wconf 91' lang='lat' dir='ltr'>duces</span> <span class='ocrx_word' id='word_1_250' title='bbox 951 3649 1114 3733; x_wconf 86' lang='lat' dir='ltr'>copiarum</span> <span class='ocrx_word' id='word_1_251' title='bbox 1153 3647 1289 3730; x_wconf 88' lang='lat' dir='ltr'>docet,1</span> 
     </span>
     <span class='ocr_line' id='line_1_34' title="bbox 214 3751 1257 3836; baseline 0.001 -21"><span class='ocrx_word' id='word_1_252' title='bbox 214 3751 336 3816; x_wconf 89' lang='lat' dir='ltr'>nullam</span> <span class='ocrx_word' id='word_1_253' title='bbox 365 3751 563 3818; x_wconf 89' lang='lat' dir='ltr'>infestiorem</span> <span class='ocrx_word' id='word_1_254' title='bbox 594 3755 704 3819; x_wconf 90' lang='lat' dir='ltr'>urbem</span> <span class='ocrx_word' id='word_1_255' title='bbox 734 3753 865 3819; x_wconf 84' lang='lat' dir='ltr'>Graecis</span> <span class='ocrx_word' id='word_1_256' title='bbox 900 3773 971 3820; x_wconf 86' lang='lat' dir='ltr'>esse</span> <span class='ocrx_word' id='word_1_257' title='bbox 1005 3773 1100 3836; x_wconf 87' lang='lat' dir='ltr'>quam</span> <span class='ocrx_word' id='word_1_258' title='bbox 1134 3752 1257 3835; x_wconf 83' lang='lat' dir='ltr'>regiam</span> 
     </span>
     <span class='ocr_line' id='line_1_35' title="bbox 214 3855 1258 3943; baseline -0.002 -22"><span class='ocrx_word' id='word_1_259' title='bbox 214 3863 358 3921; x_wconf 89' lang='lat' dir='ltr'>veterum</span> <span class='ocrx_word' id='word_1_260' title='bbox 392 3855 533 3922; x_wconf 85' lang='lat' dir='ltr'>Persidis</span> <span class='ocrx_word' id='word_1_261' title='bbox 567 3877 687 3943; x_wconf 82' lang='lat' dir='ltr'>regum.</span> <span class='ocrx_word' id='word_1_262' title='bbox 733 3858 818 3925; x_wconf 89' lang='lat' dir='ltr'>Hinc</span> <span class='ocrx_word' id='word_1_263' title='bbox 852 3857 906 3925; x_wconf 86' lang='lat' dir='ltr'>illa</span> <span class='ocrx_word' id='word_1_264' title='bbox 939 3859 1095 3924; x_wconf 87' lang='lat' dir='ltr'>immensa</span> <span class='ocrx_word' id='word_1_265' title='bbox 1128 3857 1258 3939; x_wconf 79' lang='lat' dir='ltr'>agmina</span> 
     </span>
    </p>
   </div>
   <div class='ocr_carea' id='block_1_5' title="bbox 0 0 1524 4318">
    <p class='ocr_par' dir='ltr' id='par_1_5' title="bbox 0 0 1524 4318">
     <span class='ocr_line' id='line_1_36' title="bbox 0 0 1524 4318; baseline 0 4"><span class='ocrx_word' id='word_1_266' title='bbox 0 0 1524 4318; x_wconf 95' lang='lat' dir='ltr'> </span> 
     </span>
    </p>
   </div>
  </div>
 </body>
</html>
