3040 4318
604 849 994 942 QOOEHRWY

667 1003 940 1059 aosroamaou

461 1138 884 1221 ALEXANDRI
916 1138 1133 1221 MAGNI

635 1299 969 1367 MACEDONIS

703 1449 824 1502 LIBER
846 1450 893 1504 VI.

382 1562 476 1626 Dum
491 1585 529 1626 ea
539 1585 601 1647 per
612 1560 731 1626 Asiam
744 1571 910 1647 peluntur,
926 1584 964 1626 ne
977 1561 1013 1625 ia
1025 1560 1170 1626 Graecia
1187 1561 1317 1647 quidem

278 1667 536 1752 Macedoniaque
566 1665 765 1751 tranquillae
793 1687 844 1730 res
865 1665 975 1751 fuere.
1021 1665 1194 1752 Reqnabat
1227 1666 1317 1750 apud

278 1769 551 1834 Lacedaemonios
574 1768 663 1856 Aqis,
687 1768 887 1834 Archidami
900 1769 1007 1852 filius,
1037 1770 1105 1854 qui,
1134 1769 1319 1834 Tarentinis

278 1897 365 1960 mem
379 1874 504 1960 ferens,
524 1874 685 1939 ceciderat
714 1875 820 1938 eodem
850 1875 913 1955 die,
943 1896 1005 1960 quo
1026 1874 1199 1959 Philippus
1220 1871 1316 1938 Athe·

277 1979 399 2043 aienses
422 1979 468 2042 ad
484 1976 703 2043 Chaeroneam
716 1979 804 2042 uicit.
839 1979 881 2060 ls,
898 1976 1083 2042 Aleaaadri
1090 2002 1153 2064 per
1166 1979 1318 2042 virtatem

279 2083 437 2165 aemalae,
465 2084 547 2148 cloes
565 2105 637 2148 suos
665 2083 866 2165 stimulabat,
900 2105 938 2147 ae
968 2081 1148 2147 Graeciam
1170 2083 1317 2146 cervitate

279 2186 494 2251 Macedonum
525 2187 650 2251 diutius
665 2187 776 2272 premi
790 2195 999 2272 paterentur:
1029 2187 1095 2250 nisi
1124 2187 1161 2250 ia
1182 2196 1318 2272 tempore

271 2290 489 2376 providerent,
524 2291 612 2355 idem
639 2285 760 2376 ¹iaqam
794 2290 840 2354 od
874 2290 957 2376 ipsos
989 2290 1208 2354 transituram
1245 2313 1317 2354 esse.

280 2393 504 2458 Annitcndum
527 2395 639 2481 iqitar,
670 2396 749 2459 dum
774 2394 909 2480 aliquae
939 2395 1047 2458 adhuc
1070 2395 1180 2458 Persis
1202 2395 1248 2459 ad
1268 2418 1316 2459 re-

278 2499 454 2562 sistendum
473 2499 557 2562 vires
572 2508 688 2563 essent:
712 2499 780 2562 illis
802 2499 956 2584 oppressis
971 2499 1125 2562 adversm
1140 2499 1318 2563 immonem

272 2602 453 2686 potentiam
467 2602 603 2688 frustra
621 2604 730 2667 auitae
746 2603 906 2667 libertatis
921 2601 1226 2687 memoresfuturos.
1261 2600 1319 2666 Sic

280 2706 440 2769 instinctis
459 2707 582 2770 animis
604 2707 802 2771 occasionem
817 2706 893 2770 belli
915 2729 954 2770 ea
973 2706 1136 2770 commodo
1151 2705 1319 2792 coeptandi

280 2810 594 2895 circumspiciebant.
640 2811 755 2897 Iqitar,
781 2810 949 2896 felicitate
972 2811 1153 2875 Memnonis
1175 2809 1319 2892 inuitati,

280 2913 417 2977 comitia
448 2937 522 2978 cum
552 2915 620 3000 ipso
651 2915 782 2980 miscere
812 2914 951 3001 aqqressi
980 2923 1054 2979 suat
1079 2924 1117 2996 et,
1144 2924 1319 3000 postquam

279 3018 334 3082 ille
355 3041 465 3082 rerum
488 3019 653 3083 laetarum
676 3019 776 3082 initia
799 3019 1020 3104 intempestiva
1044 3028 1142 3083 morte
1165 3019 1318 3100 destituit,

278 3121 382 3186 nihilo
414 3123 582 3187 remissius
616 3124 763 3210 aqebaat.
819 3121 885 3187 Sed
919 3123 965 3187 ad
998 3123 1258 3187 Pharnabazum
1291 3132 1320 3186 et

279 3224 550 3311 Autophradaten
572 3226 742 3312 profectus
764 3225 845 3314 Aqis
874 3227 1010 3313 triqiata
1041 3227 1167 3313 arpenti
1196 3227 1318 3291 talenta

279 3331 448 3416 decemque
464 3331 609 3395 triremes
625 3331 822 3416 impetrauit,
839 3353 921 3416 quas
931 3327 1083 3416 Aqesilao
1090 3330 1204 3416 fratri
1218 3331 1318 3412 misit,

279 3443 315 3499 ut
344 3434 381 3498 in
410 3432 542 3499 Cretam
572 3436 753 3522 nouiqaret,
789 3436 883 3499 cuius
916 3435 1043 3500 insulae
1074 3435 1207 3500 caltores
1236 3435 1320 3498 inter

280 3538 555 3604 Lacedaemonios
577 3549 606 3604 et
628 3539 828 3604 Macedonas
858 3539 994 3603 diuersis
1022 3539 1139 3604 studiis
1161 3539 1317 3604 distrahe-

280 3641 410 3706 bantur.
456 3642 572 3729 Leqati
595 3666 717 3730 quoque
741 3645 787 3708 ad
808 3643 961 3708 Dareum
984 3643 1181 3725 missisunt,
1204 3643 1320 3728 quiin

279 3769 374 3810 asum
405 3747 480 3812 belli
509 3747 700 3834 ampliorem
733 3748 802 3810 oim
828 3747 990 3832 pecuniae
1016 3747 1189 3833 pluresque
1222 3769 1320 3811 naves

276 3859 424 3935 peterent.
469 3847 574 3937 Atque
597 3852 676 3916 haec
699 3873 809 3915 eorum
833 3861 941 3937 coepta
965 3849 1073 3916 clades
1095 3850 1141 3914 ad
1156 3849 1261 3914 Issum
1278 3886 1316 3896 -
