3040 4318
243 139 284 202 72
631 139 895 207 6666116611
964 116 967 121 ’

243 345 359 410 dubius
374 343 472 411 animi
495 346 562 412 sive
581 353 618 411 ut
637 365 711 412 suos
727 346 933 432 experiretur,
960 348 1126 414 consilium
1141 347 1282 428 adhibet,

210 449 323 531 4quid
346 450 501 534 optimum
525 450 613 515 factu
636 457 732 531 esset,
765 451 948 534 exquirens.
995 452 1174 531 Parmenio,
1204 451 1284 536 peri-

244 551 389 618 tissimus
412 553 495 616 inter
510 553 608 618 duces
627 553 743 618 artium
759 555 845 634 belli,
869 553 964 636 furto,
987 577 1052 620 non
1067 555 1189 640 proelio
1204 574 1285 639 opus

246 675 319 720 6666
343 656 507 721 censebat.
543 657 742 740 Intempesta
765 665 857 722 nocte
880 655 1018 744 opprimi
1041 679 1136 748 posse
1156 657 1284 724 hostes:

247 760 405 826 discordis
428 761 580 841 moribus,
610 761 739 844 linguis,
775 761 901 827 adhoc
927 783 1037 829 somno
1061 770 1093 828 et
1115 763 1286 848 improviso

247 865 389 950 periculo
434 865 573 948 territos,
621 864 749 947 quando
795 865 826 931 in
872 874 1029 933 nocturna
1072 867 1287 952 trepidatione

213 969 414 1035 scoituros?
467 969 510 1033 At
547 968 688 1033 interdiu
727 969 864 1053 primum
902 970 1062 1036 terribiles
1099 989 1288 1036 occursuras

248 1073 349 1138 facies
373 1071 568 1157 Scytharum
591 1073 899 1156 Bactrianorumque
922 1075 1072 1140 —hirta
1094 1075 1163 1156 11116,
1180 1095 1235 1140 616
1257 1081 1289 1138 61

248 1177 394 1242 1111611666
410 1195 518 1242 comas
536 1196 616 1258 esse,
641 1184 811 1262 praeterea
826 1177 978 1243 eximiam
992 1184 1156 1244 vastorum
1169 1178 1291 1262 magni-

249 1280 392 1346 tudinem
426 1299 610 1364 corporum:
644 1281 737 1346 vanis
771 1287 804 1347 61
837 1282 986 1348 inanibus
1021 1283 1154 1348 militem
1187 1282 1290 1365 magis

216 1401 232 1452 6
251 1403 347 1466 quam
370 1383 462 1449 iustis
485 1383 665 1448 formidinis
687 1384 793 1450 causis
815 1385 936 1451 moveri
959 1423 1001 1432 -
1026 1385 1142 1451 deinde
1169 1391 1290 1450 tantam

250 1488 487 1554 multitudinem
521 1488 733 1554 circumfundi
768 1491 973 1574 paucioribus
1007 1510 1112 1577 posse.
1157 1491 1230 1556 Non
1259 1491 1291 1554 in

253 1593 385 1659 Ciliciae
415 1593 573 1676 angustiis
603 1600 636 1658 et
666 1593 763 1660 inviis
794 1595 938 1676 callibus,
972 1594 1029 1662 sed
1060 1595 1092 1659 in
1123 1601 1234 1680 aperta
1260 1599 1294 1659 61

218 1722 233 1772 7
251 1699 317 1762 lata
333 1696 467 1780 planitie
482 1693 630 1762 dimicari
646 1697 773 1763 scirent.
788 1735 823 1744 -
841 1698 959 1764 Omnes
975 1697 1075 1764 ferme
1091 1697 1293 1764 Parmenioni

252 1801 529 1868 assentiebantur:
560 1801 763 1886 Polypercon
792 1800 880 1868 haud
909 1799 1006 1868 dubie
1037 1803 1070 1868 in
1100 1824 1138 1868 eo
1161 1802 1293 1868 consilio

219 1906 390 1991 gpositam
420 1905 587 1970 victoriam
617 1906 842 1972 arbitrabatur.
890 1906 993 1984 Quem
1023 1907 1151 1972 intuens
1173 1927 1229 1972 rex
1253 1943 1293 1952 —-

254 2028 392 2091 namque
425 2009 676 2090 Parmenionem,
700 2029 803 2094 nuper
838 2009 944 2076 acrius
983 2031 1079 2094 quam
1117 2011 1215 2076 vellet
1249 2010 1293 2074 in·

255 2115 420 2200 crepitum,
452 2112 574 2179 rursus
594 2114 753 2197 castigare
776 2135 839 2180 non
873 2115 1051 2180 sustinebat
1080 2154 1123 2161 —
1149 2115 1296 2180 ’116111111-

256 2222 424 2310 culorum’,
463 2219 574 2302 inquit,
610 2221 656 2284 ‘ct
692 2219 799 2284 furum
836 2220 899 2285 ista
934 2222 1074 2287 sollertia
1107 2227 1164 2302 est,
1199 2241 1296 2304 quam

256 2324 441 2410 praecipitis
455 2321 544 2404 mihi,
560 2323 679 2409 quippe
694 2323 821 2388 illorum
835 2331 945 2389 votum
961 2325 1090 2389 unicum
1107 2332 1157 2390 est
1172 2325 1294 2390 fallere.

223 2431 350 2502 aMeae
383 2449 460 2495 1616
494 2429 617 2513 gloriae
652 2447 778 2513 semper
812 2435 869 2494 aut
897 2429 1077 2495 absentiam
1108 2429 1206 2494 Darei
1241 2435 1297 2494 aut

258 2535 426 2618 angustias
448 2535 589 2598 locorum
612 2541 667 2598 aut
689 2533 809 2598 furtum
830 2533 933 2599 noctis
950 2535 1078 2600 obstare
1098 2555 1161 2599 11611
1176 2533 1297 2618 patiar:

259 2642 366 2728 palam
395 2642 467 2706 luce
496 2638 634 2723 aggredi
665 2645 786 2704 certum
816 2645 881 2704 est:
916 2640 999 2703 malo
1030 2659 1122 2704 meae
1152 2638 1299 2702 fortunae

209 2765 242 2816 ro
259 2745 422 2831 paeniteat
445 2763 540 2828 quam
562 2742 715 2809 victoriae
739 2741 868 2827 pudeat.
904 2741 956 2806 Ad
978 2743 1060 2807 haee
1076 2742 1155 2806 illud
1172 2761 1299 2824 quoque

259 2849 400 2915 accedit:
430 2847 559 2930 vigilias
583 2866 681 2928 agere
713 2847 867 2911 barbaros
892 2851 924 2910 61
953 2846 987 2910 in
1017 2846 1115 2909 armis
1139 2852 1234 2925 stare,
1264 2850 1300 2908 ut

260 2976 300 3020 ne
332 2954 437 3040 decipi
472 2953 603 3036 quidem
636 2952 769 3037 possint,
805 2957 1003 3035 compertum
1027 2950 1140 3016 habeo.
1185 2950 1300 3032 Itaque

263 3060 307 3126 ad
343 3057 500 3145 proelium
537 3077 595 3122 vos
633 3058 763 3143 parate?
812 3055 865 3120 Sic
902 3055 1052 3120 incitatos
1089 3051 1132 3118 ad
1169 3073 1302 3138 corpora

263 3163 406 3230 curanda
428 3162 556 3227 dimisit.
869 3217 870 3220 ,

214 3293 243 3344 11
368 3270 503 3352 Dareus,
526 3266 569 3348 id,
598 3264 684 3347 quod
706 3263 876 3330 Parmenio
903 3269 1057 3344 suaserat,
1088 3262 1214 3327 hostem
1236 3256 1354 3328 fac-48

264 3383 370 3440 turum
401 3393 472 3438 esse
496 3371 690 3448 coniectare,
721 3369 864 3433 frenatos
896 3385 996 3450 equos
1026 3373 1113 3430 stare
1142 3385 1304 3448 magnam-

266 3500 327 3563 que
352 3478 512 3544 exercitus
535 3481 660 3561 partem
690 3474 722 3538 in
754 3472 851 3538 6111116
882 3491 954 3536 6666
983 3489 1021 3535 66
1051 3469 1181 3553 vigilias
1204 3467 1304 3532 inten-

266 3586 346 3651 tiore
371 3603 447 3648 cura
469 3580 590 3649 servari
613 3581 769 3658 iusserat:
792 3597 868 3660 ergo
885 3575 1014 3659 ignibus
1033 3579 1101 3638 tota
1117 3573 1186 3638 eius
1201 3579 1305 3638 eastra

216 3707 248 3759 12
268 3689 446 3772 fulgebant.
491 3687 566 3771 Ipse
588 3703 660 3748 cum
684 3681 818 3747 ducibus
848 3678 1098 3765 propinquisque
1121 3671 1250 3759 agmina
1273 3675 1305 3738 in

270 3794 367 3860 armis
391 3791 543 3858 stantium
559 3788 754 3869 circumibat,
781 3784 889 3850 Solem
904 3791 936 3848 61
951 3781 1099 3848 Μ111116111
1115 3798 1305 3862 sacrumque
