3040 4318
285 219 346 283 108
669 220 699 287 Q.
719 219 827 274 GURTI
845 221 932 276 RUFI

284 425 470 492 bellicosam
493 433 524 492 et
552 427 729 491 multuma
759 427 1003 493 ceteris·Persis
1034 429 1120 495 cultu
1149 429 1237 496 vitae
1268 431 1323 496 ab·

283 529 473 594 horrentem.
522 530 645 615 Specus
668 530 702 595 in
724 530 886 596 montibus
909 531 1042 614 fodiunt,
1066 533 1202 617 inques
1225 553 1324 617 seque
1510 535 1511 540 ’

283 641 315 698 et
338 633 494 717 coniuges
517 656 555 700 ae
579 634 696 700 liberos
720 634 871 700 condunt.
916 636 1070 702 Peeorum
1100 645 1156 703 aut
1184 638 1324 703 ferarum

234 751 265 802 18
284 759 380 805 earne
402 746 585 804 vescuntur.
622 738 672 804 Ne
694 737 823 804 feminis
847 739 975 822 quidem
990 762 1048 826 pro
1065 749 1197 807 naturae
1211 742 1325 808 habitu

282 841 429 907 molliora
453 841 586 924 ingenia
609 848 700 907 sunt:
731 862 842 908 comae
871 843 1053 929 prominent
1081 843 1194 930 hirtae,
1223 845 1324 912 vestis

283 966 379 1031 super
417 966 523 1028 genua
561 953 620 1011 est.
657 945 781 1013 ,Punda
818 946 963 1013 vinciunt
1000 948 1152 1014 frontem:
1192 948 1255 1015 hoe
1292 955 1324 1014 et

233 1065 265 1116 19
285 1057 506 1114 ornamentum
540 1049 654 1133 capitis
684 1057 715 1114 et
749 1049 847 1114 telum
878 1058 935 1116 est.
982 1051 1047 1116 Sed
1080 1051 1164 1117 hane
1199 1071 1324 1135 quoque

283 1161 412 1239 gentem
435 1154 519 1220 idem
543 1154 688 1220 fortunae
711 1154 847 1239 impetus
870 1155 1000 1220 domuit.
1035 1156 1149 1239 Itaque
1163 1155 1324 1222 tricesimo

283 1260 345 1342 die,
371 1265 539 1345 postquam
563 1281 583 1324 a
605 1259 770 1344 Persepoli
794 1259 958 1344 profectus
982 1269 1058 1341 erat,
1084 1260 1197 1326 eodem
1219 1261 1321 1327 rediit.

232 1380 266 1430 20
284 1367 380 1430 Dona
416 1363 533 1430 deinde
570 1364 683 1429 amicis
721 1364 898 1447 ceterisque
933 1385 991 1450 pro
1025 1365 1178 1448 cuiusque
1211 1365 1324 1432 merito

283 1471 388 1538 dedit:
420 1468 650 1554 propemodum
681 1469 796 1550 omnia,
829 1490 911 1553 quae
942 1470 976 1534 in
1006 1490 1045 1535 ea
1074 1470 1152 1536 urbe
1182 1477 1320 1555 ceperat,

283 1574 460 1642 distributa.

732 1681 798 1735 (lar.
817 1681 876 1734 VII.

250 1801 262 1850 1
298 1863 301 1867 .
388 1786 535 1852 Ceterum
557 1784 703 1868 ingentia
725 1781 822 1850 animi
846 1784 941 1865 bona,
964 1786 1053 1850 illam
1075 1785 1222 1866 indolem,
1255 1781 1373 1868 qua22

284 1912 394 1958 omnes
428 1911 522 1976 reges
556 1892 739 1976 antecessit,
774 1892 863 1957 illam
896 1892 930 1958 in
963 1891 1135 1957 subeundis
1172 1890 1324 1976 periculis

283 1997 503 2076 consentiam,
538 1996 569 2061 in
604 1997 699 2061 rebus
731 1996 901 2062 moliendis
935 1995 1178 2078 efficiendisque
1210 1995 1325 2060 veloci-

283 2108 392 2181 tatem,
426 2101 460 2167 in
494 2101 619 2166 deditos
653 2099 759 2182 fidem,
798 2101 831 2166 in
866 2101 1009 2186 captivos
1044 2099 1255 2181 clementiam,
1290 2101 1324 2166 in

283 2206 501 2291 voluptatibus
525 2205 689 2290 permissis
720 2225 847 2289 quoque
869 2214 901 2271 et
923 2205 1049 2272 usitatis
1079 2201 1323 2290 temperantiam

249 2309 373 2375 ahaud
417 2309 577 2374 tolerabili
621 2309 689 2374 vini
728 2308 903 2394 cupiditate
941 2307 1092 2374 foedavit.
1153 2308 1255 2374 Hoste
1293 2316 1325 2374 et

283 2413 410 2479 aemulo
424 2413 516 2496 regni
532 2420 702 2498 reparante
724 2431 796 2478 oum
812 2414 951 2478 maxime
973 2413 1102 2497 bellum,
1128 2433 1230 2497 nuper
1252 2413 1326 2478 sub·

283 2520 376 2600 actis,
408 2541 487 2603 quos
510 2519 638 2602 vicerat,
670 2541 851 2603 novumque
878 2519 1047 2605 imperium
1077 2519 1324 2605 aspernantibus

284 2624 325 2689 de
348 2623 402 2691 die
424 2625 527 2692 inibat
550 2625 706 2705 convivia,
739 2626 854 2708 quibus
878 2625 1017 2690 feminae
1047 2624 1229 2705 intererant,
1261 2644 1324 2688 non

284 2728 412 2810 quidem
432 2749 517 2812 ,quas
534 2728 645 2794 violari
663 2729 754 2794 nefas
771 2735 864 2812 esset,
888 2728 1008 2813 quippe
1023 2728 1153 2813 pelices,
1176 2726 1325 2793 licentius

250 2847 379 2916 aquam
414 2833 550 2898 decebat
584 2854 656 2898 cum
690 2838 812 2897 armato
842 2833 951 2898 vivere
984 2839 1142 2898 assuetae.
1188 2831 1238 2896 Ex
1274 2831 1325 2897 his

284 2959 348 3004 una
377 2938 488 3020 Thais,
520 2946 551 3004 et
582 2938 653 3023 ipsa
683 2939 866 3018 temulenta,
897 2939 1069 3003 maximam
1099 2936 1186 3022 apud
1215 2955 1325 3002 omnes

284 3043 427 3109 Graecos
450 3044 602 3109 initurum
625 3043 764 3126 gratiam
787 3041 932 3123 affirmat,
958 3041 986 3106 si
1009 3041 1132 3126 regiam
1156 3041 1325 3107 Persarum

285 3147 432 3213 iussisset
469 3147 613 3212 incendi:
652 3154 822 3230 expectare
860 3146 922 3211 hoo
961 3166 1026 3226 eos,
1064 3167 1196 3229 quorum
1230 3147 1325 3211 urbes

249 3252 412 3336 4barbari
447 3252 616 3317 delessent.
669 3251 767 3316 Ebrio
800 3257 904 3316 scorto
939 3251 980 3316 de
1012 3257 1103 3315 tanta
1135 3269 1170 3315 re
1203 3250 1326 3315 ferente

286 3357 475 3422 sententiam
495 3375 587 3439 unua,
611 3357 692 3422 alter
711 3393 753 3404 -
772 3363 804 3420 et
826 3355 887 3440 ipsi
910 3375 998 3420 mero
1022 3355 1145 3420 onerati
1162 3391 1206 3401 -
1221 3374 1326 3420 assen-

284 3461 414 3526 tiuntur.
475 3461 543 3526 Rex
582 3480 709 3544 quoque
746 3459 870 3526 avidior
907 3459 968 3525 fuit
1005 3479 1101 3542 quam
1137 3459 1325 3544 patientior:

281 3565 380 3642 ‘Quin
413 3564 512 3648 igitur
546 3563 730 3629 ulciscimur
763 3563 931 3629 Graeciam
966 3571 997 3628 et
1027 3563 1098 3628 urbi
1124 3563 1219 3628 daces
1254 3564 1326 3629 sub·

250 3685 266 3734 5
285 3669 430 3735 dimusP’
465 3668 583 3734 Omnes
605 3669 805 3734 incaluerant
826 3688 929 3733 mero:
953 3668 1061 3751 itaque
1077 3673 1212 3751 surgunt
1227 3674 1326 3733 temu-

285 3771 362 3840 lenti
392 3773 435 3839 ad
464 3774 697 3839 incendendam
728 3775 848 3854 urbem,
880 3773 933 3838 eui
963 3772 1075 3837 armati
1106 3781 1325 3858 pepercerant.

286 3879 411 3944 Primus
448 3899 505 3944 rex
543 3879 651 3962 ignem
688 3877 798 3962 regiae
834 3877 952 3958 iniecit,
998 3884 1065 3942 tum
1102 3875 1257 3942 convivae
1294 3883 1327 3942 et
