2976 4322
390 227 641 282 HISTORIARUM
660 224 876 280 ALEXANDRI
895 227 932 280 VI
953 231 992 280 ll.
1156 226 1216 291 159

177 435 298 500 distulit
335 441 375 515 et,
414 453 607 517 quamquam
644 431 678 496 in
721 451 888 516 vesperam
925 431 1098 497 inclinabat
1136 431 1215 514 dies,

175 547 281 604 tamen
326 538 447 603 amicos
492 536 660 603 convocari
698 537 794 602 iubet.
855 536 896 600 Et
934 536 1048 602 ceteris
1086 536 1214 619 quidem
1235 543 1267 592 10

178 645 333 728 placebat,
373 643 584 724 Macedonum
622 661 709 706 more
747 640 837 706 obrui
875 640 970 721 saxis,
1017 639 1214 725 Hephaestio

177 756 282 813 autem
314 755 346 812 et
376 746 525 812 Craterus
555 753 587 811 et
617 743 740 810 Coenos
771 744 935 810 tormentis
964 745 1129 810 veritatem
1163 766 1215 814 ex-

176 852 375 936 primendam
410 872 480 917 ease
513 849 678 914 dixerunt:
717 856 749 914 et
782 849 829 913 illi
863 869 998 931 quoque,
1038 851 1092 931 qui
1128 848 1215 915 aliud

176 963 349 1036 suaserant,
374 956 406 1019 in
429 955 541 1019 horum
565 953 755 1019 sententiam
781 960 954 1022 transeunt.

279 1059 417 1126 Consilio
440 1059 667 1143 ergo-dimisso
691 1058 912 1144 Hephaestion
935 1079 1006 1124 cum
1030 1058 1160 1124 Cratero
1183 1065 1214 1124 et
1235 1078 1265 1128 11

176 1164 281 1230 Coeno
304 1163 347 1229 ad
362 1164 580 1247 quaestionem
603 1162 644 1228 de
666 1163 794 1228 Philota
808 1162 988 1229 habendam
1008 1169 1212 1245 consurgunt.

174 1269 242 1333 Rex
266 1269 396 1334 Cratero
418 1269 571 1333 accersito
595 1275 627 1334 et
653 1287 798 1333 sermone
828 1266 946 1348 habito,
978 1267 1068 1331 ouius
1091 1287 1215 1333 summa
1235 1285 1267 1336 12

174 1394 236 1436 non
252 1373 338 1438 edita
353 1380 412 1454 est,
430 1373 463 1437 in
477 1373 620 1437 intimam
636 1371 811 1436 deversorii
823 1379 945 1455 partem
964 1372 1097 1437 secessit
1112 1379 1153 1454 et,
1168 1393 1214 1436 re-

175 1477 268 1542 motis
291 1477 427 1558 arbitris,
450 1477 482 1541 in
505 1476 637 1541 multam
660 1483 787 1540 noctem
817 1476 1009 1557 quaestionis
1033 1476 1214 1560 expectavit

175 1589 335 1646 eventum.
374 1581 525 1646 Tortores
547 1581 580 1644 in
603 1587 777 1665 conspectu
793 1579 937 1645 Philotae
960 1580 1066 1644 omnia
1081 1578 1213 1645 crudeli·
1234 1599 1265 1648 13

174 1685 250 1751 tatis
279 1686 491 1751 instrumenta
513 1692 701 1770 proponunt.
748 1685 789 1748 Et
816 1683 869 1748 ille
900 1685 991 1764 ultro,
1020 1683 1118 1761 ‘Quid
1148 1703 1266 1751 ces-14

176 1790 279 1870 satis’,
304 1790 414 1872 inquit,
435 1786 535 1872 ‘regis
558 1789 730 1869 inimicum,
754 1787 990 1853 interfectorem
1013 1787 1212 1852 confitentem

174 1894 345 1958 occidere?
380 1894 456 1976 quid
486 1893 671 1976 quaestione
702 1912 782 1978 opus
812 1893 886 1956 est?
920 1893 1070 1976 cogitavi,
1107 1892 1211 1957 volui'.

174 1995 326 2062 Craterus
360 1997 501 2080 exigere,
536 2005 578 2078 ut,
614 2017 696 2080 quae
731 1996 942 2077 confiteretur,
981 1997 1014 2060 in
1046 1997 1212 2062 tormentis

174 2122 298 2194 quoque
321 2101 450 2168 diceret.
498 2103 582 2166 Dum
606 2101 781 2186 corripitur,
814 2102 890 2166 dum
914 2102 1095 2185 obligantur
1118 2102 1210 2183 oculi,
1233 2116 1263 2167 15

175 2205 251 2271 dum
274 2206 373 2271 vestis
397 2205 533 2286 exuitur,
565 2205 643 2271 deos
673 2207 803 2290 patrios,
836 2205 977 2290 gentium
1007 2206 1077 2270 iura
1105 2204 1213 2288 nequi-

172 2330 268 2392 quam
290 2308 377 2394 apud
399 2308 514 2375 surdas
537 2330 631 2374 aures
654 2310 834 2375 invocabat.
869 2309 932 2374 Per
953 2310 1081 2374 ultimos
1097 2309 1212 2376 deinde

172 2412 342 2493 cruciatus,
378 2421 489 2498 utpote
520 2421 551 2478 et
582 2413 751 2479 damnatus
782 2420 813 2478 et
842 2413 978 2479 inimicis
1008 2413 1042 2477 in
1075 2414 1211 2496 gratiam

171 2517 259 2599 regis
281 2518 512 2600 torquentibus,
536 2518 705 2583 laceratur.
730 2518 777 2584 Ao
800 2518 910 2602 primo,
928 2538 1121 2601 quamquam
1137 2517 1211 2583 hinc
1231 2541 1263 2591 16

168 2620 262 2704 ignis,
293 2621 379 2686 illino
402 2621 536 2687 verbera
566 2621 630 2686 iam
660 2642 724 2687 non
754 2621 796 2686 ad
827 2622 1055 2705 quaestionem,
1088 2623 1145 2688 sed
1168 2623 1209 2688 ad

168 2745 304 2809 poenam
340 2725 577 2808 ingerebantur,
615 2745 678 2790 non
715 2745 828 2791 vocem
865 2726 969 2807 modo,
1016 2727 1075 2792 sed
1112 2727 1208 2792 etiam

168 2829 307 2911 gemitus
329 2827 442 2894 habuit
465 2829 498 2894 in
521 2834 698 2914 potestate:
722 2829 781 2894 sed
803 2836 973 2912 postquam
995 2831 1209 2896 intumescens
1230 2851 1261 2900 17

168 2951 283 3016 corpus
306 2932 467 2998 ulceribus
491 2931 692 3015 flagellorum
711 2931 795 2998 ictus
811 2933 905 2998 nudis
921 2933 1048 2999 ossibus
1064 2934 1209 2999 incussos

170 3033 255 3100 ferre
278 3056 342 3100 non
363 3043 496 3121 poterat,
521 3037 548 3100 si
570 3036 736 3102 tormentis
755 3036 929 3102 adhibituri
945 3036 1077 3102 modum
1092 3046 1207 3120 essent,

167 3138 327 3204 dicturum
360 3160 404 3221 se,
444 3161 524 3222 quae
563 3141 644 3206 scire
681 3149 877 3226 expeterent,
917 3141 1093 3226 pollicetur.
1143 3141 1207 3207 Sed
1228 3161 1260 3213 18

166 3242 260 3307 dnem
282 3244 463 3326 quaestioni
485 3244 561 3326 fore,
586 3245 690 3310 iurare
714 3265 770 3311 eos
792 3266 850 3330 per
872 3246 1050 3311 Alexandri
1072 3248 1207 3312 salutem

164 3346 302 3428 volebat,
330 3348 551 3431 removerique
588 3356 733 3415 tortores.
787 3351 829 3414 Et
866 3358 1000 3433 utroque
1026 3351 1203 3435 impetrato,

160 3449 330 3532 ‘Oratore’,
363 3451 471 3535 inquit,
500 3452 575 3533 ‘dic,
608 3453 683 3536 quid
713 3475 765 3518 me
789 3454 869 3519 velis
900 3455 1032 3520 dicere'.
1080 3457 1139 3521 lllo
1163 3457 1206 3520 in·
1227 3475 1260 3525 19

164 3554 328 3637 dignante,
358 3556 514 3621 ludificari
546 3577 628 3638 eum,
659 3577 830 3640 rursusque
864 3568 1035 3624 revocante
1072 3566 1207 3626 tortores

163 3665 289 3742 tempus
319 3667 428 3743 petere
459 3661 573 3745 coepit,
605 3661 680 3725 dum
710 3661 866 3746 reciperet
897 3664 1050 3746 spiritum,
1083 3674 1205 3734 cunctat

163 3782 245 3843 quae
290 3764 394 3844 sciret,
447 3765 652 3829 indicaturus.
697 3765 826 3830 Interim
870 3764 1003 3849 equites,
1049 3767 1204 3834 nobilissi·
1224 3786 1259 3836 20

163 3885 233 3930 mus
261 3867 406 3950 quisque
443 3876 476 3932 et
516 3868 539 3932 ii
582 3869 728 3950 maxime,
767 3869 820 3951 qui
857 3869 1097 3936 Parmenionem
1134 3893 1205 3957 pro-
