3028 4322
397 238 648 294 HISTORIARUM
666 239 880 293 ALEXANDRl
899 240 938 292 III
957 242 980 291 6.
1000 243 1024 293 7.
1193 239 1234 304 15

195 465 253 528 per
274 443 383 508 ludum
405 454 501 528 atque
525 445 623 510 otium
645 444 783 510 reddens
806 444 955 523 ostendit,
981 451 1096 527 quanta
1118 443 1234 509 fiducia

195 547 348 613 barbaros
386 556 568 633 sperneret:
614 549 733 634 quippe
770 549 964 634 Aesculapio
1003 557 1035 614 et
1071 549 1235 614 Minervae

194 651 286 717 ludos
331 651 514 718 celebravit.
576 652 741 738 Spectanti
785 653 915 719 nuntius
944 653 1062 736 laetus
1106 653 1269 718 aliertur4

194 757 428 838 Halicarnasso,
459 759 573 823 Persas
599 757 709 823 aciea
739 757 805 824 suis
835 777 906 824 esse
937 765 1112 844 superatos,
1145 758 1236 841 Myn·
1265 778 1267 782 ’
1311 799 1316 807 -

194 860 263 924 dios
288 881 412 943 quoque
443 867 476 925 et
498 858 636 927 Caunios
667 868 698 926 et
728 862 879 946 pleraque
907 868 1027 926 tractus
1058 861 1127 928 eius
1158 880 1234 927 suae

194 966 279 1029 facta
301 964 445 1030 dicionis.
489 965 592 1049 Igitur
615 965 701 1032 edito
725 965 906 1051 spectaculo
922 965 1044 1031 ludicro
1060 965 1235 1048 castrisque
1253 977 1269 1027 5

195 1068 289 1133 motis
313 1076 344 1134 et
367 1070 505 1153 Pyramo
528 1091 620 1136 amne
650 1079 747 1155 ponte
777 1071 883 1135 iuncto
905 1069 947 1134 ad
969 1071 1080 1135 urbem
1103 1070 1234 1135 Mallum

193 1173 348 1257 pervenit,
384 1174 460 1241 inde
493 1175 601 1242 alteris
636 1175 748 1241 castris
781 1175 824 1240 ad
854 1174 1006 1260 oppidum
1037 1175 1233 1241 Gatabolum.

195 1277 247 1344 Ibi
270 1279 438 1344 Parmenio
459 1280 530 1363 regi
553 1281 704 1345 oecunit:
728 1280 934 1366 praemiserat
947 1279 990 1344 ad
1006 1279 1234 1365 explorandum
1252 1291 1268 1341 6

194 1381 254 1446 iter
284 1383 392 1463 saltus,
427 1404 484 1465 per
514 1403 608 1466 quem
642 1383 684 1448 ad
717 1386 829 1450 urbem
862 1383 954 1448 Isson
985 1382 1111 1448 nomine
1140 1403 1234 1467 pene·

193 1485 341 1550 trandum
371 1493 447 1552 erat.
494 1486 601 1571 Atque
630 1488 685 1553 ille
714 1487 869 1572 angustiis
905 1486 973 1552 eius
1007 1487 1168 1573 occupatis
1202 1493 1268 1552 ett

193 1591 352 1676 praesidio
368 1593 493 1658 modico
508 1593 619 1657 relicto
636 1593 731 1658 Isson
747 1610 873 1674 quoque
889 1591 1046 1676 desertam
1061 1591 1234 1658 aharbaris

194 1703 331 1780 ceperat.
379 1697 459 1761 Inde
481 1696 900 1781 progressus-deturbatis,
918 1697 971 1780 qni
987 1696 1135 1762 interiora
1150 1717 1236 1762 mon-

193 1799 273 1862 tium
297 1799 698 1884 obsidebant—praesidiis
722 1807 835 1866 cuncta
858 1799 994 1866 firmavit
1017 1807 1235 1884 occupatoque

194 1905 318 1987 itinere,
350 1906 432 1971 sicut
454 1907 550 1990 paulo
572 1915 646 1972 ante
671 1906 790 1971 dictum
814 1912 873 1988 est,
905 1906 992 1971 idem
1015 1913 1048 1970 et
1069 1913 1180 1970 auctor
1203 1911 1235 1971 et

194 2010 323 2075 nuntius
352 2007 449 2075 venit
496 2011 588 2076 Isson
618 2011 737 2076 deinde
766 2031 823 2076 rex
853 2011 962 2094 copias
991 2009 1149 2074 admovit:
1180 2009 1269 2076 ubis

194 2114 327 2179 consilio
349 2114 467 2199 habito,
496 2121 641 2180 utrumne
671 2115 753 2180 ultra
782 2113 1052 2200 progrediendum
1081 2114 1164 2178 foret
1193 2135 1234 2178 an

193 2218 239 2281 ihi
262 2217 451 2302 opperiundi
475 2227 581 2284 essent
610 2219 686 2284 novi
715 2219 842 2300 milites,
873 2237 954 2301 quos
984 2238 1025 2282 ex
1047 2217 1234 2282 Macedonia

193 2322 369 2388 adventare
392 2326 565 2408 constabat,
588 2323 757 2389 Parmenio
779 2343 843 2388 non
865 2323 963 2387 alium
986 2323 1091 2386 locum
1114 2321 1234 2407 proelio

193 2427 347 2513 aptiorem
381 2447 453 2492 esse
487 2431 646 2494 censebat.
693 2427 818 2512 Quippe
851 2427 916 2491 illio
951 2425 1114 2509 utriusque
1147 2425 1268 2508 regias

194 2531 301 2618 copias
317 2553 448 2597 numero
464 2533 586 2598 suturas
602 2553 703 2617 pares,
729 2553 800 2597 oum
815 2531 983 2615 angustiae
999 2530 1233 2595 multitudinem

194 2656 257 2700 non
281 2642 440 2720 caperent.
486 2635 656 2702 Planitiem
679 2636 759 2722 ipsis
783 2655 975 2720 camposque
992 2655 1062 2700 esse
1078 2633 1234 2719 vitandos,

194 2741 249 2806 ubi
272 2739 440 2819 circumiri,
464 2740 520 2805 ubi
542 2739 675 2826 ancipiti
697 2739 765 2805 acie
789 2739 924 2825 opprimi
940 2745 1087 2824 possent:
1111 2737 1233 2817 timere,

194 2865 235 2909 ne
256 2865 320 2910 non
343 2845 460 2911 virtute
482 2844 628 2926 hostium,
654 2845 713 2910 sed
735 2843 921 2910 lassitudine
942 2863 999 2909 sua
1014 2843 1232 2908 vincerentur:

194 2949 309 3014 Persas
345 2956 489 3015 recentes
524 2949 659 3015 subinde
693 2967 904 3028 successuros,
943 2948 969 3012 si
1007 2943 1111 3011 laxius
1149 2951 1233 3011 stare

194 3053 380 3139 potuissent.
426 3054 533 3119 Facile
567 3055 647 3120 ratio
677 3059 743 3118 tam
777 3052 911 3119 salubris
945 3051 1068 3117 consilii
1100 3058 1232 3135 accepta
1253 3061 1285 3110 10

195 3164 256 3224 est.
315 3157 427 3240 Itaque
463 3157 546 3222 inter
581 3157 746 3241 angustias
785 3156 883 3222 saltus
924 3154 1048 3220 hostem
1093 3153 1233 3240 opperiri

194 3260 313 3326 statuit.

142 3363 181 3434 18
297 3365 374 3430 Erat
396 3365 429 3430 in
461 3365 603 3430 exercitu
632 3365 720 3449 regis
745 3364 873 3430 Sisenes
895 3364 1017 3429 Perses.
1066 3361 1232 3439 Quondam
1252 3373 1281 3422 11

192 3490 211 3532 a
240 3475 389 3554 praetore
412 3469 556 3554 Aegypti
586 3469 703 3534 missus
732 3470 774 3534 ad
800 3468 982 3553 Philippum
1013 3466 1171 3547 donisque
1201 3473 1233 3531 et

193 3572 279 3636 omni
316 3573 437 3638 honore
465 3574 577 3655 cultus,
617 3573 747 3637 exilium
782 3572 886 3656 patria
923 3570 999 3636 sede
1037 3575 1230 3634 mutaverat:

194 3684 321 3742 secutus
352 3677 470 3743 deinde
500 3677 533 3741 in
556 3677 666 3742 Asiam
689 3676 906 3740 Alexandrum
937 3675 1020 3739 inter
1048 3672 1161 3738 fideles
1185 3693 1232 3738 so-

194 3781 260 3846 cios
294 3781 478 3848 habebatur.
535 3781 618 3846 Huic
652 3780 820 3866 epistolam
855 3778 1017 3844 Cretensis
1051 3777 1143 3842 miles
1178 3777 1230 3842 ob·
1250 3790 1282 3838 12

194 3885 349 3967 signatam
379 3885 481 3966 anulo,
514 3885 604 3950 cuius
635 3884 762 3968 signum
792 3882 875 3948 haud
907 3903 983 3948 sane
1012 3886 1122 3945 notum
1153 3887 1229 3957 erat,
