3040 4318
407 245 659 300 HIS'IORIARUM
677 245 893 300 ALEXANDRI
911 247 948 300 IV
966 249 991 300 7.
1010 249 1034 299 8.
1197 247 1237 311 57

200 463 291 520 vates
325 454 500 540 respondit,
546 456 631 520 Vera
665 463 697 520 et
729 455 849 521 salubri
882 455 1105 521 aestimatione
1139 453 1235 519 fidem
1254 466 1287 516 ee

200 560 321 626 oraculi
331 562 582 648 praecativana
596 561 740 646 profecto
756 580 910 646 responsa
924 560 1026 627 videri
1043 559 1238 645 potuissent:

200 664 259 729 sed
287 664 423 748 fortuna,
455 685 535 747 quos
565 665 620 728 uni
651 665 712 730 sibi
742 666 873 731 credere
904 665 1019 749 coegit,
1050 676 1169 747 magna
1200 685 1239 730 ex

199 775 289 854 parte
312 768 425 834 aridos
448 769 570 852 gloriae
600 769 704 852 magis
735 790 831 851 quarn
858 789 995 855 capaces
1018 769 1105 834 facit.
1151 769 1238 834 Iovis
1258 785 1292 835 30

199 874 297 956 igitur
326 871 426 938 filium
457 894 491 939 se
521 895 584 939 non
619 875 719 939 solum
754 874 913 960 appellari
943 894 1059 960 passus
1090 881 1148 954 est,
1183 872 1241 938 sed

200 980 299 1044 etiam
330 980 423 1044 iussit
453 999 622 1062 rerumque
657 987 821 1061 gestarum
851 980 979 1061 lamam,
1014 980 1091 1044 dum
1120 999 1240 1062 augere

199 1087 268 1152 vult
292 1086 349 1150 tali
370 1087 594 1172 appellatione,
626 1089 775 1173 corrupit.
821 1088 862 1152 ut
886 1088 1087 1168 Macedones,
1119 1086 1289 1152 assuerim
1317 1103 1330 1172 :⁷

199 1191 331 1272 quidem
356 1193 448 1274 regio
471 1191 615 1277 imperio,
648 1193 705 1258 sed
735 1193 768 1258 in
798 1191 918 1258 maiore
947 1192 1104 1258 libertatis
1127 1193 1240 1258 umbra

200 1317 295 1379 quam
320 1303 443 1362 ceterae
468 1305 591 1380 gentes,
615 1298 888 1364 immortalitatem
909 1299 1113 1364 affectantem
1133 1302 1239 1362 eont-

199 1402 323 1467 maoius
355 1422 451 1485 quam
481 1409 536 1468 aut
570 1403 649 1487 ipsis
685 1403 878 1488 expediebat
911 1411 967 1469 aut
1000 1405 1070 1487 regi
1098 1403 1238 1470 aversati

199 1514 282 1572 sunt.
330 1505 395 1572 Sed
417 1507 498 1572 haec
520 1527 577 1572 suo
594 1528 739 1590 quaeque
758 1508 895 1593 tempori
910 1517 1127 1574 reserventur:
1151 1513 1287 1572 1111111132

199 1619 306 1676 cetera
328 1611 445 1692 exequi
468 1632 612 1697 pergam.

640 1804 704 1857 One.
723 1805 795 1857 VIII.

146 1923 191 1994 33
309 1923 502 2004 Alexander,
526 1925 567 1988 ab
590 1923 768 1989 Hammone
791 1925 927 2006 rediens,
954 1925 997 1989 ad
1007 1924 1161 1990 Mareotin
1185 1945 1236 2008 pa·
1256 1937 1268 1986 1

199 2030 306 2094 ludem
339 2029 425 2093 haud
458 2029 569 2114 procul
602 2029 706 2094 insula
741 2028 847 2095 Pharo
882 2030 976 2096 sitam
1010 2025 1107 2099 venit.
1155 2027 1234 2094 Gon-

199 2134 371 2220 templatus
393 2133 455 2198 loci
467 2141 622 2215 naturam,
645 2135 783 2219 primum
806 2135 839 2199 in
862 2135 932 2220 ipsa
956 2135 1060 2201 insula
1082 2139 1236 2200 statuerat

199 2239 310 2312 urbem
332 2257 450 2303 novam
474 2236 619 2319 condere,
643 2239 727 2320 inde,
753 2246 787 2304 ut
810 2240 967 2324 apparuit,
991 2259 1127 2322 magnae
1150 2239 1271 2305 sedis2

201 2344 339 2409 insulam
372 2343 459 2408 haud
494 2364 645 2428 capacem
680 2364 760 2425 esse,
796 2345 894 2428 elegit
927 2345 999 2410 urbi
1031 2347 1146 2426 locum,
1181 2343 1237 2409 ubi

199 2468 282 2512 nune
305 2454 353 2512 est
376 2447 591 2529 Alexandrea,
623 2449 870 2534 appellationem
891 2448 1022 2514 trahens
1045 2470 1086 2514 ex
1108 2448 1236 2513 nomine

200 2551 349 2616 auctoris.
396 2551 598 2636 Complexus,
633 2552 784 2635 quicquid
815 2553 874 2617 soli
898 2560 946 2618 est
975 2553 1058 2618 inter
1086 2553 1236 2637 paludem

200 2676 238 2720 ae
261 2677 357 2736 mare,
389 2655 551 2737 octoginta
582 2655 757 2721 stadiorum
787 2657 885 2722 muris
914 2656 1068 2722 ambitum
1098 2656 1236 2721 destinat

199 2766 239 2840 et,
264 2758 318 2840 qui
333 2757 599 2828 ,exaedificandae
621 2760 691 2824 urbi
714 2767 907 2844 praeessent,
933 2760 1051 2825 relictis
1073 2758 1236 2844 Memphin

199 2863 287 2948 petit.
327 2861 449 2948 Oupido
465 2863 552 2928 haud
566 2864 683 2929 iniusta
699 2864 836 2947 quidem,
854 2872 994 2930 ceterum
1009 2864 1233 2948 intempestiva
1252 2879 1267 2927 3

198 2967 381 3048 incesserat,
426 2988 491 3032 non
528 2967 677 3032 interiora
714 2968 809 3032 modo
846 2968 998 3052 Aegypti,
1044 2967 1102 3034 sed
1139 2969 1235 3033 etiam

200 3071 403 3156 Aethiopiam
441 3071 595 3136 invisere:
634 3073 813 3138 Memnonis
846 3072 1039 3155 Tithonique
1076 3073 1235 3139 celebrata

199 3175 288 3258 regia
318 3175 563 3258 cognoscendae
593 3177 759 3241 vetustatis
790 3175 920 3242 avidum
953 3177 1100 3242 trahebat
1133 3199 1234 3262 paene

200 3286 290 3344 extra
312 3279 463 3344 terminos
487 3279 571 3344 solis.
616 3279 681 3344 Sed
696 3280 864 3344 imminens
879 3280 1005 3361 bellum,
1031 3281 1120 3346 cuius
1137 3282 1269 3346 multet

199 3383 300 3446 maior
330 3391 494 3466 supererat
525 3383 634 3464 moles,
667 3384 787 3449 otiosae
817 3384 1065 3468 peregrinationi
1091 3393 1236 3470 tempora

199 3493 369 3550 exemerat.
405 3486 517 3570 Itaque
533 3487 683 3572 Aegypto
698 3487 854 3576 praefecit
866 3487 1062 3572 Aeschylum
1077 3489 1235 3554 Rhodium

199 3597 230 3654 et
252 3589 430 3654 Peucesten
454 3590 674 3673 Macedonem,
709 3599 856 3674 quattuor
884 3591 1011 3656 milibus
1041 3592 1175 3656 militum
1203 3592 1234 3655 in

198 3693 394 3777 praesidium
424 3694 565 3777 regionis
595 3695 664 3759 eius
694 3695 794 3760 datis:
829 3696 968 3760 claustra
997 3695 1063 3760 Nili
1095 3694 1234 3774 fluminis

199 3796 405 3861 Polemonem
435 3797 517 3862 tueri
547 3797 644 3880 iubet,
687 3808 764 3862 XXX
790 3799 833 3863 ad
862 3799 923 3863 hoc
956 3798 1102 3864 triremes
1132 3799 1233 3864 datae.

198 3898 327 3964 Africae
358 3899 483 3981 deinde,
516 3921 597 3982 quae
628 3900 779 3986 Aegypto
810 3902 916 3966 iuncta
947 3908 1003 3981 est,
1035 3901 1268 3985 praeposituse
