2970 4322
298 183 361 246 298
684 185 715 250 Q.
735 183 844 238 CURTl
863 183 948 238 RUFI

261 410 277 459 7
401 387 574 474 deprimo
600 390 725 474 ploratu
756 389 967 474 lamentisque
997 399 1029 456 et
1059 391 1239 476 planctibus
1269 390 1374 459 totali)

296 493 385 576 regia
407 494 618 580 personabat:
644 515 727 576 mox,
747 495 835 560 velut
857 494 890 560 in
912 502 1005 560 vasta
1031 495 1212 576 solitudine,
1231 494 1334 560 omnia

295 597 376 662 tristi
414 597 540 662 silentio
577 606 666 664 muta
701 598 881 683 torpebant,
919 598 963 663 ad
1000 599 1223 682 cogitationen,
1261 597 1333 680 quid

260 700 411 772 sdeinde
437 699 579 767 futurum
609 709 703 783 esset,
735 702 845 768 dolore
875 722 1039 768 converso.
1085 703 1219 768 Nobiles
1249 700 1334 786 pueri

294 806 461 872 custodiae
477 807 620 891 corporis
637 807 706 872 eius
729 804 853 872 assueti
868 827 928 872 nec
944 806 1061 871 doloris
1084 805 1334 889 magnitudinem

293 931 408 996 capere
430 930 490 976 nec
513 931 548 976 se
570 910 657 996 ipsos
679 911 762 976 intra
784 910 976 976 vestibulum
1003 910 1110 993 regiae
1141 917 1250 975 tenere
1281 929 1331 994 po-

293 1021 420 1081 tuerunt
461 1015 600 1099 vagique
637 1022 669 1080 et
700 1014 879 1080 furentibus
910 1014 1030 1080 similes
1063 1019 1186 1078 tantam
1222 1015 1332 1079 urbem

293 1120 380 1184 luctu
403 1139 442 1184 ac
465 1139 609 1184 maerore
633 1117 878 1203 compleverant,
894 1115 991 1184 nullis
1015 1117 1183 1201 questibus
1196 1117 1329 1197 omissis,

260 1241 276 1291 o
295 1243 375 1308 quos
390 1224 422 1288 in
438 1223 495 1288 tali
512 1242 589 1289 casu
605 1222 695 1288 dolor
719 1219 873 1305 suggerit.
913 1223 999 1306 Ergo
1021 1223 1076 1306 qui
1099 1231 1192 1288 extra
1214 1223 1333 1307 regiam

293 1328 468 1408 astiterant,
504 1326 697 1392 Macedones
734 1325 853 1412 pariter
889 1326 1091 1410 barbarique,
1134 1333 1330 1405 concurrunt,

293 1453 352 1498 nec
374 1439 521 1518 poterant
543 1431 619 1498 victi
642 1452 662 1495 a
684 1429 858 1496 victoribus
885 1431 917 1495 in
940 1431 1100 1496 communi
1130 1431 1242 1496 dolore
1272 1431 1330 1495 dis·

293 1537 389 1601 cerni.
453 1537 572 1601 Persae
613 1534 822 1600 iustissimum
854 1556 892 1600 ao
925 1534 1128 1600 mitissimum
1162 1535 1329 1615 dominum,

293 1637 484 1704 Macedones
514 1639 667 1723 optimum
697 1659 735 1704 ao
765 1637 972 1704 fortissimum
1005 1661 1114 1723 regem
1147 1639 1328 1706 invocantes

243 1761 275 1812 10
294 1751 454 1809 certamen
479 1743 638 1828 quoddam
665 1742 817 1810 maeroris
848 1743 994 1809 edebant.
1041 1745 1110 1809 Nec
1140 1751 1330 1810 maestorum

291 1849 401 1929 solum,
442 1846 500 1912 sed
534 1847 631 1912 etiam
664 1847 899 1930 indignantium
933 1868 1029 1914 voces
1064 1849 1326 1927 exaudiebantur,

291 1958 356 2017 tam
370 1951 574 2016 viridemet'
538 1958 598 2017 trn
618 1951 773 2016 floret
720 1971 758 2016 ae
760 1952 836 2018 tatis
859 1953 1070 2036 fortunaeque
1092 1952 1217 2019 invidia
1239 1953 1329 2018 deum

291 2062 435 2140 ereptum
458 2075 528 2121 esse
551 2055 646 2120 rebus
669 2054 827 2120 humanis.
857 2055 959 2140 Vigor
982 2056 1105 2122 eiuset
1092 2057 1197 2122 tvult
1184 2065 1237 2124 tus
1260 2057 1328 2123 edn—
1372 2037 1456 2178 „hl

291 2168 363 2224 cent
366 2161 392 2226 is
415 2160 447 2224 in
474 2159 628 2245 proelium
658 2159 785 2240 milites,
818 2159 976 2226 obsident
954 2167 995 2226 trs
1025 2161 1131 2242 urbes,
1164 2161 1364 2227 evadentis·

290 2265 322 2328 in
345 2283 460 2348 muros,
476 2265 574 2328 fortes
597 2264 683 2328 viros
706 2283 763 2348 pro
780 2264 926 2330 contione
950 2262 1078 2330 donant'
1056 2272 1098 2330 trs
1121 2268 1327 2332 occurrebant

242 2385 272 2434 11
293 2369 402 2434 oculis.
456 2369 539 2432 Tum
573 2367 766 2432 Macedones
801 2367 927 2432 divinos
960 2368 1100 2434 honores
1133 2389 1273 2454 negasse
1301 2369 1327 2435 ei

291 2472 483 2558 paenitebat,
499 2472 677 2557 impiosque
700 2479 732 2536 et
753 2471 897 2555 ingratos
921 2471 1020 2538 fuisse
1036 2492 1071 2538 se
1087 2473 1324 2554 confitebantur,

290 2575 376 2659 qnod
409 2596 502 2642 aures
532 2576 599 2641 eius
629 2575 737 2640 debita
771 2577 984 2661 appellatione
1018 2577 1233 2644 fraudassent.
1288 2581 1326 2643 ut
1340 2567 1372 2640 lt
1455 2585 1456 2674 p

292 2701 363 2745 cum
386 2680 440 2745 diu
463 2670 545 2746 nunc
574 2680 606 2744 in
633 2680 845 2764 veneratione,
876 2701 961 2748 nunc
990 2681 1023 2746 in
1053 2681 1213 2748 desiderio
1244 2684 1326 2766 regis

241 2799 273 2848 12
293 2784 479 2864 haesissent,
517 2784 550 2848 in
582 2784 670 2868 ipsos
704 2805 797 2850 versa
830 2786 990 2851 miseratio
1025 2794 1083 2852 est.
1142 2787 1329 2853 Macedonia

290 2887 424 2973 profecti
446 2887 530 2951 ultra
552 2887 739 2972 Euphraten
763 2889 798 2952 ia
820 2889 934 2954 mediis
957 2889 1101 2956 hostibus
1127 2910 1246 2956 novum
1276 2891 1328 2956 im·

289 2991 411 3077 perium
433 2993 678 3076 aspernantibus
701 2993 871 3058 destitutos
895 3013 929 3058 se
953 3013 1023 3059 esse
1046 2995 1229 3076 cernebant,
1262 2995 1329 3060 sine

291 3101 377 3160 certo
407 3094 492 3178 regis
523 3095 642 3160 herede
674 3094 754 3184 [sine
777 3097 896 3162 herede
919 3095 1039 3184 regnil:
1070 3098 1215 3184 publicas
1246 3100 1330 3166 vires

240 3215 271 3265 13
289 3198 331 3264 ad
354 3220 388 3264 se
412 3219 568 3282 quemque
591 3208 773 3266 tracturum.
828 3201 920 3266 Bella
950 3201 1067 3266 deinde
1097 3202 1215 3284 civilia,
1247 3223 1331 3287 quae
1455 3269 1456 3300 ,

289 3311 399 3370 secute
432 3311 516 3383 sunt,
549 3302 708 3371 mentibus
742 3307 995 3389 augurabantur:
1031 3307 1156 3388 iterum,
1190 3327 1254 3372 non
1288 3310 1328 3375 de

288 3429 387 3491 regno
411 3407 517 3490 Asiae,
546 3408 604 3474 sed
628 3408 668 3474 de
690 3430 767 3494 rege
790 3411 868 3496 ipsis
892 3413 1080 3496 sanguinem
1103 3433 1174 3478 esse
1197 3413 1330 3479 funden-

290 3513 374 3592 dum,
408 3512 499 3576 novis
533 3512 717 3579 vulneribus
751 3520 876 3581 veteres
914 3515 1106 3601 rumpendas
1144 3516 1329 3584 cicatrices:

239 3631 271 3681 14
289 3635 391 3696 senes,
434 3613 564 3698 debiles,
607 3617 702 3682 modo
742 3619 842 3702 petita
883 3620 1034 3686 missione
1069 3646 1090 3685 a
1124 3620 1209 3686 iusto
1243 3643 1330 3706 rege,

292 3739 375 3786 nunc
405 3719 574 3787 morituros
603 3743 661 3807 pro
690 3723 834 3807 potentia
863 3722 1170 3819 forsitangsatellitis
1193 3724 1329 3792 alieuius

290 3822 450 3905 ignobihs.
