3040 4318
411 209 662 264 HISTORIARUM
679 210 896 264 ALEXANDRI
914 210 938 263 V
957 213 980 264 3.
999 213 1024 263 4.
1195 211 1237 275 99

197 418 295 493 verat,
313 409 399 480 mare
416 436 541 499 quoque
557 437 675 483 novum
690 418 723 482 in
738 417 960 502 Pamphyliam
976 419 1036 484 iter
1050 423 1233 502 aperuerat:

197 523 281 608 tunc
294 517 474 588 haesitabat
495 521 698 606 deprehensa
713 521 858 604 felicitas,
882 543 942 588 nec
959 522 1046 587 aliud
1061 521 1236 588 remedium

197 628 264 686 erat
287 643 383 705 quarn
405 624 531 705 reverti,
564 647 626 708 qua
648 633 788 692 uenerat.
834 627 946 709 Itaque
969 626 1062 710 signo
1092 625 1235 710 receptui
1254 637 1288 687 23

198 723 272 788 dato
296 724 438 793 densatis
461 728 626 795 ordinibus
653 730 814 812 scutisque
837 748 933 814 super
955 730 1061 814 capita
1084 729 1237 796 consertis

195 836 279 894 retro
313 832 450 898 evadere
484 852 522 898 ex
555 833 712 916 angustiis
746 833 843 899 iubet.
895 843 970 897 xxx
1000 833 1089 900 fuere
1123 833 1236 914 stadia,

196 953 278 1015 quac
300 935 439 1002 remensi
462 943 544 1002 sunt.

654 1111 719 1165 Gur.
737 1112 783 1165 IV.

152 1234 189 1307 13
305 1247 387 1311 Tum
410 1247 521 1313 castris
544 1247 683 1330 undique
706 1255 817 1332 aperto
846 1249 916 1314 loco
947 1249 1058 1333 positis
1080 1270 1143 1315 non
1165 1261 1269 1317 con-1

197 1350 315 1416 sultare
344 1350 449 1432 modo,
481 1351 557 1434 quid
588 1352 749 1435 agendum
779 1360 878 1434 esset,
905 1353 962 1420 sed
992 1362 1082 1421 vates
1111 1375 1236 1439 quoque

197 1453 351 1520 adhihere
382 1455 487 1541 coepit
509 1477 530 1521 a
554 1457 777 1541 superstitione
807 1457 913 1522 animi.
960 1457 1024 1524 Sed
1055 1459 1132 1543 quid
1160 1467 1270 1524 tunca

196 1559 383 1644 praedicere
412 1558 612 1636 Aristander,
649 1561 700 1625 cui
733 1561 904 1646 plurimum
934 1562 1085 1628 credebat
1115 1585 1154 1629 ex
1184 1585 1236 1630 va·

195 1663 289 1744 tibus,
324 1663 475 1748 poterat?
530 1664 644 1747 Itaque
680 1664 838 1730 damnatis
875 1665 1108 1750 intempestivis
1142 1667 1236 1732 sacri·

195 1767 276 1833 liciis
298 1767 417 1852 peritos
439 1768 582 1834 locorum
605 1768 773 1833 convocari
797 1767 900 1834 iubet:
934 1790 991 1854 per
1014 1769 1154 1835 Mediam
1176 1771 1237 1836 iter

195 1872 406 1938 ostendebant
428 1879 531 1936 tutum
545 1879 762 1957 apertumque.
801 1871 866 1938 Sed
881 1893 938 1938 rex
954 1872 1103 1946 deserere
1118 1872 1269 1940 milites's

197 1977 372 2061 insepultos
403 1976 619 2057 erubescebat,
654 1975 699 2041 ita
728 1976 845 2042 tradito
875 1997 971 2058 more,
1004 1985 1038 2042 ut
1060 1977 1114 2041 vix
1137 1979 1236 2045 ullum

195 2081 326 2147 militiae
348 2087 414 2146 tarn
438 2080 589 2146 sollemne
613 2087 697 2146 esset
722 2101 837 2146 munus
861 2101 957 2163 quam
972 2081 1127 2146 humandi
1150 2101 1234 2148 suos.

194 2183 346 2270 Captivos
369 2203 455 2268 ergo,
480 2203 559 2266 quos
575 2203 676 2268 nuper
692 2191 870 2267 exceperat,
895 2185 1003 2250 vocari
1025 2185 1128 2251 iubet:
1153 2185 1185 2250 in
1200 2196 1269 2252 er4

196 2309 277 2373 quos
299 2297 369 2354 erat
392 2287 522 2373 quidam
545 2289 687 2354 Graecae
710 2289 925 2372 Persicaeque
947 2289 1078 2374 linguae
1101 2291 1232 2376 peritus,

196 2394 251 2477 qui
274 2393 393 2459 frustra
416 2413 489 2459 eum
512 2392 546 2456 in
568 2393 733 2458 Persidem
764 2393 918 2459 montium
941 2393 1036 2460 dorso
1060 2396 1235 2461 exercitum

195 2499 314 2564 ducere
347 2498 502 2563 affirmat:
549 2497 713 2564 silvestres
751 2517 823 2572 esse
857 2498 967 2580 calles,
1004 2499 1060 2564 vix
1097 2500 1235 2582 singulis

195 2603 339 2689 pervios:
363 2602 470 2668 omnia
492 2602 621 2685 contegi
644 2602 822 2684 frondibus,
846 2603 1068 2688 implexosque
1084 2605 1234 2670 arborum

195 2728 300 2773 ramos
337 2707 436 2774 silvas
473 2707 679 2774 committere.
725 2707 871 2790 Namque
909 2709 1017 2774 Persis
1055 2708 1096 2774 ab
1132 2711 1268 2774 alteros

195 2812 296 2878 latere
318 2811 483 2896 perpetuis
506 2812 664 2877 montium
686 2811 772 2895 iugis
795 2812 964 2878 clauditur.
1002 2813 1071 2878 Hoc
1095 2812 1235 2893 dorsum,

195 2917 282 3000 quod
304 2915 336 2980 in
358 2915 596 2999 longitudinem
623 2927 712 2995 MDO,
736 2917 769 2980 in
791 2915 994 2984 latitudinem
1011 2927 1108 2981 CLXX
1129 2917 1235 2982 stadia

195 3021 360 3107 procurrit,
393 3043 413 3085 a
436 3019 579 3086 Caucaso
603 3027 711 3086 moute
741 3020 784 3084 ad
813 3022 943 3086 rubrum
973 3042 1059 3086 mare
1085 3019 1234 3106 pertinet,

196 3145 324 3208 quaque
336 3120 457 3190 deiecit
469 3144 571 3204 mons,
584 3124 672 3190 aliud
684 3125 925 3204 munimentum,
938 3124 1063 3210 fretum,
1075 3125 1234 3190 obiectum

196 3237 253 3295 est.
301 3229 456 3294 Planities
479 3228 597 3294 deinde
627 3229 687 3295 sub
717 3228 879 3294 radicibus
910 3229 1065 3295 montium
1089 3229 1267 3314 spatiosa6

196 3333 384 3418 procumbit,
415 3331 530 3398 fertilis
560 3340 645 3399 terra
674 3333 847 3416 multisque
876 3333 958 3399 vicis
980 3340 1078 3417 atque
1099 3334 1233 3398 urbibus

195 3439 355 3521 frequens.
402 3437 528 3504 Araxes
565 3437 668 3503 amnis
705 3459 763 3522 per
799 3437 857 3503 hos
895 3457 1024 3523 campos
1061 3439 1268 3503 multorum'l

194 3563 295 3626 aquas
317 3542 504 3608 torrentium
535 3541 656 3608 evolvit
686 3541 718 3606 in
742 3541 886 3608 Medum:
922 3542 1035 3608 Medus
1060 3540 1111 3629 [ad
1134 3539 1231 3628 mare]

195 3647 238 3712 ad
261 3646 428 3712 meridiem
450 3665 563 3712 versus
587 3683 627 3694 -
651 3646 754 3711 minor
783 3647 885 3712 amnis
912 3667 960 3726 eo,
991 3666 1086 3729 quem
1109 3646 1234 3731 aceepit

195 3750 416 3830 -evehitur,
449 3749 602 3834 quicquid
632 3750 732 3830 alluit,
763 3750 893 3818 floribus
917 3749 1070 3831 vestiens,
1101 3750 1233 3832 gignen-

195 3854 321 3938 daeque
344 3853 461 3920 herbae
484 3875 548 3920 non
571 3855 653 3919 alius
677 3862 726 3919 est
748 3855 862 3939 aptior.
898 3854 1026 3919 Platani
1050 3874 1177 3938 quoque
1201 3862 1268 3920 ets

1096 3975 1129 4028 7*
