3040 4318
389 210 640 266 HISTORIARUM
658 211 872 264 ALEXANDRI
891 211 928 264 VI
948 213 970 262 l.
990 213 1014 262 2.
1156 208 1217 272 129

179 417 313 505 potandi
335 418 616 503 pervigilandique
631 419 744 484 insana
759 417 895 483 dulcedo
910 415 1040 498 ludique
1056 422 1088 480 et
1102 435 1219 498 greges

181 521 327 608 pelicum.
367 523 481 588 Omnia
503 519 537 590 in
559 531 725 588 externum
740 522 832 607 lapsa
847 541 983 586 morem:
1008 541 1102 602 quem
1117 540 1221 584 aemu-

181 629 263 694 latus
287 627 379 708 quasi
402 627 558 711 potiorem
582 647 639 693 suo
662 628 708 692 ita
730 626 931 711 popularium
953 623 1077 690 animos
1101 624 1221 690 oculos-

182 753 243 815 que
266 731 385 816 pariter
408 729 549 812 offendit,
573 738 609 796 ut
631 753 651 796 a
674 731 837 815 plerisque
859 729 1034 795 amicorum
1056 747 1114 814 pro
1129 729 1222 794 hoste

183 836 363 902 haberetur.
377 836 522 900 Tenaces
531 836 649 920 quippe
657 834 845 919 disciplinae
853 854 929 899 suae
942 834 1117 916 solitosque
1126 851 1223 917 parco
1242 846 1258 896 3

184 961 222 1005 ac
245 939 381 1025 parabili
403 939 490 1006 victu
509 939 552 1004 ad
571 938 736 1024 implenda
754 946 887 1004 naturae
907 938 1067 1004 desideria
1090 936 1224 1020 defungi

182 1045 216 1108 in
231 1043 402 1130 peregrina
418 1050 448 1108 et
464 1044 661 1109 devictarum
677 1043 821 1126 gentium
835 1045 921 1108 mala
935 1043 1114 1127 impulerat.
1140 1041 1225 1106 Hinc
1243 1053 1261 1104 4

186 1148 313 1232 saepius
336 1145 539 1232 comparatae
561 1147 595 1211 in
611 1155 706 1233 eaput
725 1147 792 1212 eius
815 1146 959 1228 insidiae,
985 1146 1124 1212 secessio
1147 1145 1226 1210 mili-

185 1257 253 1317 tum
269 1259 300 1317 et
316 1248 445 1316 liberior
464 1252 546 1316 inter
560 1259 686 1317 mutuas
703 1252 860 1335 querellas
877 1251 976 1332 dolor,
992 1250 1093 1337 ipsius
1110 1250 1227 1316 deinde

186 1377 272 1421 nunc
294 1357 351 1438 ira,
375 1375 459 1420 nunc
491 1356 698 1440 suspiciones,
731 1376 810 1439 quas
837 1353 998 1421 excitabat
1028 1355 1227 1422 inconsultus

188 1483 297 1546 pavor,
322 1468 491 1542 ceteraque
514 1461 565 1525 his
589 1460 712 1542 similia,
737 1481 820 1544 quae
843 1460 960 1526 deinde
982 1460 1135 1526 dicentur.

158 1565 180 1636 5
294 1564 396 1647 Igitur
418 1585 490 1629 eum
512 1565 711 1649 tempestivis
741 1564 897 1630 conviviis
920 1565 988 1630 dies
1011 1566 1130 1650 pariter
1155 1583 1263 1633 noc-5

188 1679 299 1753 tesque
337 1676 543 1750 consumeret,
590 1669 770 1734 satietatem
807 1669 973 1754 epularum
1016 1669 1100 1734 ludis
1137 1669 1229 1734 inter·

189 1775 338 1859 pellabat,
369 1794 434 1838 non
464 1779 629 1838 contentus
660 1773 824 1855 artificum,
857 1794 935 1856 quos
966 1795 983 1838 e
1014 1773 1149 1840 Graecia
1181 1794 1231 1838 ex·

191 1879 320 1959 siverat,
358 1879 468 1942 turba:
507 1877 625 1962 quippe
663 1878 811 1963 captivae
847 1878 1038 1943 iubebantur
1075 1898 1132 1943 suo
1169 1878 1233 1942 ritu

195 2001 310 2046 canere
354 1981 551 2046 inconditum
589 1989 620 2047 et
657 1983 834 2048 abhorrens
878 1982 1059 2067 peregrinis
1104 1982 1232 2046 auribus

195 2106 331 2150 carmen.
365 2085 453 2149 Inter
475 2105 553 2168 quas
567 2107 662 2151 unam
677 2106 751 2150 mcx
766 2087 836 2170 ipse
852 2087 1019 2170 conspexit
1033 2086 1234 2151 maestiorem

195 2210 289 2271 quarn
323 2195 447 2254 ceteras
481 2197 513 2254 et
546 2190 795 2274 producentibus
826 2211 897 2255 earn
925 2190 1108 2255 verecunde
1136 2191 1269 2256 relus-6

194 2299 323 2358 tantem.
368 2293 538 2359 Excellens
565 2301 633 2359 erat
659 2294 771 2375 forma,
802 2301 833 2359 et
859 2295 994 2359 formam
1016 2295 1119 2379 pudor
1140 2295 1236 2360 hone-

196 2397 310 2462 stabat.
355 2397 499 2463 Deiectis
522 2398 555 2462 in
584 2405 703 2463 terram
732 2399 831 2464 oculis
863 2406 903 2480 et,
935 2407 1087 2482 quantum
1109 2399 1235 2479 licebat,

197 2521 251 2566 ore
281 2502 386 2566 velato
416 2502 630 2586 suspicionem
661 2503 808 2586 praebuit
838 2503 916 2585 regi,
949 2499 1136 2568 nobiliorem
1166 2523 1237 2568 esse

197 2625 292 2686 quam
314 2612 348 2670 ut
370 2605 453 2670 inter
476 2605 661 2671 convivales
692 2606 785 2671 ludos
817 2591 947 2673 deberet
971 2607 1104 2672 ostendi.
1151 2607 1238 2690 Ergo
1257 2622 1273 2670 7

197 2708 401 2792 interrogata,
434 2729 590 2792 quaenam
614 2716 707 2790 esset,
738 2711 858 2794 neptim
882 2731 916 2776 se
941 2710 1030 2792 Ochi,
1063 2711 1117 2792 qui
1139 2731 1240 2796 nuper

199 2820 366 2896 regnasset
396 2813 427 2876 in
450 2812 566 2893 Persis,
599 2812 662 2878 filio
693 2814 761 2878 eius
792 2815 933 2898 genitam
964 2835 1035 2880 esse
1065 2815 1238 2898 respondit,

202 2937 331 2982 uxorem
354 2917 527 3003 Hystaspis
551 2918 661 2984 fuisse.
701 2919 902 3004 Propinquus
925 2920 980 2984 hic
1003 2921 1103 2988 Darei
1126 2921 1239 3001 fuerat,

200 3021 310 3103 magni
333 3028 364 3086 et
387 3021 458 3106 ipse
482 3023 641 3088 exercitus
664 3030 800 3107 praetor.
839 3023 956 3088 Adhuc
979 3023 1011 3087 in
1034 3023 1139 3089 animo
1154 3025 1241 3107 regis
1260 3037 1276 3087 8

201 3131 313 3190 tenues
343 3121 497 3208 reliquiae
526 3126 652 3210 pristini
682 3126 778 3192 moris
809 3128 993 3193 haerebant.
1040 3128 1152 3210 Itaque
1182 3128 1242 3192 for-

203 3234 311 3292 tunam
333 3229 424 3311 regia
440 3230 538 3314 stirpe
556 3231 685 3312 genitae
701 3238 813 3296 ettam
830 3231 958 3296 celebre
973 3252 1088 3297 nomen
1104 3228 1243 3318 [neptem

206 3329 300 3419 Ochi]
325 3333 481 3399 reveritus
504 3353 567 3398 non
590 3334 706 3399 dimitti
732 3335 826 3400 modo
858 3333 1026 3420 captivam,
1059 3335 1117 3401 sed
1148 3335 1244 3400 etiam

205 3435 329 3502 restitui
359 3437 387 3501 ei
419 3457 493 3502 suas
525 3457 602 3522 opes
632 3436 732 3519 iussit,
764 3439 867 3504 virum
898 3461 1022 3522 quoque
1052 3439 1179 3522 requiri,
1210 3447 1264 3504 ut.

164 3581 166 3586 .
205 3545 331 3624 reperto
355 3541 525 3624 coniugem
547 3541 704 3607 redderet.
741 3543 872 3608 Postero
890 3551 996 3608 autem
1013 3543 1065 3608 die
1080 3543 1245 3628 praecepit
1264 3555 1279 3606 9

207 3642 447 3727 Hephaestioni,
479 3652 514 3710 ut
537 3666 645 3711 omnes
669 3646 814 3730 captivos
844 3647 877 3711 in
900 3647 1024 3730 regiam
1047 3647 1171 3722 iuberet
1193 3647 1247 3711 ad-

207 3745 290 3810 duci.
328 3747 378 3812 Ibi
395 3748 593 3832 singulorum
607 3750 774 3816 nobilitate
791 3757 936 3836 spectata
952 3752 1089 3817 secrevit
1103 3773 1123 3815 a
1138 3752 1246 3834 vulgo,

208 3869 340 3932 quorum
363 3852 523 3919 eminebat
546 3871 658 3936 genus.
704 3852 792 3919 Mille
823 3853 858 3918 hi
888 3853 1031 3919 fuerunt:
1063 3855 1146 3919 inter
1168 3874 1247 3936 quos

262 3985 360 4028 Curtius
374 3986 451 4030 Rufus
464 3997 513 4032 von
529 3987 604 4032 Stan
613 3988 650 4042 gl.
1128 3978 1144 4028 9
