3028 4322
310 243 351 306 20
698 241 729 308 q
749 241 857 294 cunm
876 241 961 296 uum

276 467 292 516 5
310 449 467 534 pedestris
486 444 582 531 acies,
605 446 818 530 quadraginta
833 447 930 526 milia,
950 449 1180 530 sequebantur:
1205 447 1348 531 Hyrcani

310 552 425 620 deinde
448 551 597 635 Medique
620 551 760 632 equites:
785 550 835 616 his
850 550 986 635 proximi
1002 557 1179 616 ceterarum
1196 551 1349 636 gentium,

309 658 392 722 ultra
415 676 471 722 eos
494 655 607 720 dextra
637 655 795 738 laevaque
819 653 974 740 dispositi.
1020 655 1091 720 Hoc
1114 675 1238 740 agmen,
1268 655 1351 720 sicut

262 827 265 831 ,
310 749 429 826 dictum
463 768 520 842 est,
554 760 741 824 instructum
776 769 814 822 Vl
848 759 937 823 milia
970 759 1179 824 iaculatorum
1215 758 1351 824 fundito-

275 881 440 947 6rumque
463 863 704 930 antecedebant.
751 862 913 946 Quicquid
934 863 967 927 in
997 863 1060 928 illis
1089 865 1245 946 angustiis
1267 858 1349 928 adiri

310 976 441 1054 poterat,
466 969 678 1053 impleverant
709 968 829 1052 copiae,
867 987 1051 1050 cornuaque
1085 967 1160 1032 hinc
1190 969 1232 1033 ab
1262 967 1347 1051 iugo,

310 1074 397 1139 illinc
419 1095 439 1138 a
461 1072 541 1138 mari
564 1072 699 1137 stabant.
736 1071 877 1136 Uxorem
893 1079 1088 1154 matremque
1103 1071 1190 1155 regis
1206 1079 1238 1137 et
1252 1071 1349 1136 alium

311 1174 499 1242 feminarum
522 1196 655 1259 gregem
677 1177 711 1240 in
733 1174 873 1240 medium
894 1197 1012 1258 agmen
1035 1183 1234 1260 acceperant

277 1301 292 1349 7
415 1279 600 1345 Alexander
621 1279 824 1365 phalangem,
857 1301 919 1363 qua
941 1280 1020 1344 nihil
1045 1279 1133 1364 apud
1154 1280 1348 1346 Macedonas
1360 1283 1409 1354 24

310 1384 449 1452 validius
487 1392 565 1464 erat,
609 1384 643 1449 in
681 1384 786 1449 fronte
825 1383 997 1449 constituit.
1058 1385 1214 1449 Dextrum
1251 1405 1349 1450 cornu

311 1490 461 1569 Nicanor,
498 1487 716 1554 Parmenionis
752 1487 847 1568 filius,
890 1489 1055 1554 tuebatur:
1101 1489 1176 1554 huic
1212 1491 1349 1574 proximi

311 1595 439 1660 stabant
462 1592 585 1658 Coenos
607 1600 640 1658 et
661 1593 832 1658 Perdiccas
859 1599 891 1658 et
914 1593 1076 1676 Meleager
1098 1604 1126 1658 et
1149 1595 1350 1660 Ptolomaeus

277 1705 344 1766 set
381 1698 547 1781 Amyntas,
586 1696 635 1762 sui
672 1696 807 1780 quisque
843 1693 983 1780 agminis
1019 1697 1126 1763 duces.
1172 1699 1210 1762 In
1247 1699 1348 1780 laevo,

313 1800 398 1886 quod
421 1801 461 1866 ad
491 1821 578 1866 mare
608 1801 797 1884 pertinebat,
830 1800 979 1866 Craterus
1003 1808 1035 1866 et
1057 1801 1224 1868 Parmenio
1248 1810 1348 1884 erant,

312 1908 370 1974 sed
404 1907 554 1973 Craterus
587 1907 789 1972 Parmenioni
822 1927 935 1993 parere
971 1907 1084 1972 iussus.
1137 1906 1271 1989 Equites
1307 1909 1350 1973 ab

311 2020 445 2096 utroque
468 2031 565 2076 cornu
586 2011 700 2076 locati:
724 2011 871 2076 dextrum
893 2012 1095 2093 Macedones,
1109 2011 1274 2078 Thessalis
1296 2011 1350 2076 ad-

277 2117 418 2197 9iunoti,
464 2116 591 2182 laevum
627 2115 852 2200 Peloponnesii
895 2117 1075 2185 tuebantur.
1137 2115 1222 2180 Ante
1266 2114 1350 2180 hanc

311 2221 414 2286 aciem
436 2227 587 2305 posuerat
610 2219 805 2284 funditorum
834 2239 971 2302 manum,
992 2218 1166 2303 sagittariis
1188 2217 1348 2285 admixtis.

311 2325 454 2390 Thraces
477 2344 602 2407 quoque
625 2331 657 2390 ct
680 2323 849 2389 Cretenses
872 2331 947 2388 ante
969 2344 1087 2406 agmen
1109 2323 1208 2404 ibant,
1232 2330 1265 2388 et
1286 2323 1349 2408 ipsi

263 2445 294 2494 10
311 2429 425 2494 leviter
447 2429 571 2493 armati.
616 2428 659 2492 At
681 2427 729 2508 iis,
761 2428 816 2511 qui
846 2428 1012 2512 praemissi
1042 2428 1083 2492 ab
1106 2415 1213 2494 Dareo
1239 2427 1350 2511 iugum

312 2534 427 2599 montis
450 2533 643 2614 insederant,
658 2532 815 2616 Agrianos
839 2533 995 2618 opposuit,
1013 2554 1054 2598 ex
1068 2533 1226 2598 Thraecia
1248 2553 1351 2616 nuper

312 2639 474 2705 advectos.
519 2639 722 2705 Parmenioni
743 2646 850 2704 autem
872 2645 1089 2724 praeceperat,
1120 2645 1164 2721 ut,
1197 2645 1351 2722 quantum

312 2751 429 2828 posset,
453 2763 569 2826 agmen
592 2742 634 2808 ad
655 2763 742 2807 mare
764 2741 959 2823 extenderet,
985 2763 1048 2826 quo
1070 2742 1199 2826 longius
1222 2743 1351 2807 abesset

263 2847 399 2913 macies
435 2847 604 2928 montibus,
642 2866 722 2930 quos
759 2854 992 2932 occupaverant
1028 2847 1166 2913 barbari.
1212 2846 1256 2911 At
1293 2845 1348 2926 illi,

313 2973 417 3034 neque
440 2953 566 3018 obstare
589 2952 790 3017 venientibus
821 2971 880 3016 nee
907 2949 1072 3016 circumire
1094 2959 1350 3036 praetergressos

314 3056 392 3138 ausi,
427 3054 621 3120 funditorum
654 3052 791 3120 maxime
824 3063 955 3142 aspectu
993 3056 1093 3121 territi
1130 3055 1348 3141 profugerant,

315 3181 416 3243 eaque
453 3179 505 3225 res
541 3159 723 3224 Alexandro
756 3147 858 3224 tutum
891 3160 1028 3244 agminis
1062 3161 1153 3241 latus,
1190 3161 1277 3243 quod
1308 3181 1349 3226 ne

264 3281 295 3329 12
315 3283 450 3349 superne
480 3264 691 3328 incesseretur
712 3263 866 3345 timuerat,
898 3263 1065 3349 praestitit.
1113 3264 1201 3348 [XXX
1225 3271 1257 3328 et
1288 3264 1350 3329 duo

314 3373 505 3432 armatorum
539 3365 666 3432 ordines
699 3367 796 3448 ibant,
834 3386 938 3449 neque
973 3367 1057 3432 enim
1090 3367 1185 3432 latius
1221 3367 1351 3433 extendi

314 3471 416 3537 aciem
445 3471 648 3556 patiebantur
677 3471 857 3555 angustiae.
902 3472 1061 3538 Paulatim
1091 3473 1208 3538 deinde
1242 3475 1351 3538 laxare

315 3597 349 3642 se
371 3576 459 3642 sinus
481 3577 633 3641 montium
662 3584 694 3642 et
723 3578 823 3642 maius
853 3578 991 3662 spatium
1020 3577 1145 3663 aperire
1169 3586 1348 3663 coeperant,

314 3681 359 3746 ita
391 3688 426 3746 ut
459 3701 521 3746 non
555 3681 654 3765 pedes
688 3683 790 3747 solum
823 3682 933 3748 ordine
966 3682 1124 3764 incedere,
1164 3684 1222 3749 sed
1255 3684 1351 3750 etiam

314 3785 467 3850 lateribus
490 3785 698 3850 circumfundi
721 3793 829 3870 posset
852 3784 1036 3874 equitatus]
