<?xml version="1.0" encoding="UTF-8"?>
<!DOCTYPE html PUBLIC "-//W3C//DTD XHTML 1.0 Transitional//EN"
    "http://www.w3.org/TR/xhtml1/DTD/xhtml1-transitional.dtd">
<html xmlns="http://www.w3.org/1999/xhtml" xml:lang="en" lang="en">
 <head>
  <title>
</title>
<meta http-equiv="Content-Type" content="text/html;charset=utf-8" />
  <meta name='ocr-system' content='tesseract 3.04.00' />
  <meta name='ocr-capabilities' content='ocr_page ocr_carea ocr_par ocr_line ocrx_word'/>
</head>
<body>
  <div class='ocr_page' id='page_1' title='image "./qcurtirufihisto00stangoog_0294.png"; bbox 0 0 2970 4322; ppageno 0'>
   <div class='ocr_carea' id='block_1_1' title="bbox 262 216 1114 282">
    <p class='ocr_par' dir='ltr' id='par_1_1' title="bbox 262 216 1114 282">
     <span class='ocr_line' id='line_1_1' title="bbox 262 216 1114 282; baseline 0 -10"><span class='ocrx_word' id='word_1_1' title='bbox 262 217 506 274; x_wconf 85' lang='lat' dir='ltr'>HISTORIARUM</span> <span class='ocrx_word' id='word_1_2' title='bbox 523 216 739 271; x_wconf 83' lang='lat' dir='ltr'>ALEXANDRI</span> <span class='ocrx_word' id='word_1_3' title='bbox 757 216 836 270; x_wconf 90' lang='lat' dir='ltr'>VIIII</span> <span class='ocrx_word' id='word_1_4' title='bbox 856 219 881 270; x_wconf 79' lang='lat'>4.</span> <span class='ocrx_word' id='word_1_5' title='bbox 901 219 925 270; x_wconf 89' lang='lat'>5.</span> <span class='ocrx_word' id='word_1_6' title='bbox 1053 217 1114 282; x_wconf 78' lang='grc'>261</span> 
     </span>
    </p>
   </div>
   <div class='ocr_carea' id='block_1_2' title="bbox 74 421 1154 3945">
    <p class='ocr_par' dir='ltr' id='par_1_2' title="bbox 123 421 1118 697">
     <span class='ocr_line' id='line_1_2' title="bbox 126 421 1117 506; baseline -0.003 -17"><span class='ocrx_word' id='word_1_7' title='bbox 126 423 263 490; x_wconf 82' lang='lat' dir='ltr'>dolentibus</span> <span class='ocrx_word' id='word_1_8' title='bbox 278 422 417 489; x_wconf 89' lang='lat' dir='ltr'>devoluti</span> <span class='ocrx_word' id='word_1_9' title='bbox 432 422 559 487; x_wconf 89' lang='lat' dir='ltr'>unicam</span> <span class='ocrx_word' id='word_1_10' title='bbox 575 441 665 506; x_wconf 80' lang='lat' dir='ltr'>apem</span> <span class='ocrx_word' id='word_1_11' title='bbox 686 421 771 504; x_wconf 91' lang='lat' dir='ltr'>regis</span> <span class='ocrx_word' id='word_1_12' title='bbox 787 421 978 487; x_wconf 87' lang='lat' dir='ltr'>fefellerunt.</span> <span class='ocrx_word' id='word_1_13' title='bbox 1003 421 1117 487; x_wconf 82' lang='lat' dir='ltr'><strong>Stabat</strong></span> 
     </span>
     <span class='ocr_line' id='line_1_3' title="bbox 125 524 1118 613; baseline -0.003 -20"><span class='ocrx_word' id='word_1_14' title='bbox 125 529 191 593; x_wconf 87' lang='lat' dir='ltr'>enin</span> <span class='ocrx_word' id='word_1_15' title='bbox 213 527 238 592; x_wconf 93' lang='lat' dir='ltr'>in</span> <span class='ocrx_word' id='word_1_16' title='bbox 260 533 430 613; x_wconf 91' lang='lat' dir='ltr'>conspectu</span> <span class='ocrx_word' id='word_1_17' title='bbox 463 526 543 592; x_wconf 89' lang='lat' dir='ltr'>tanti</span> <span class='ocrx_word' id='word_1_18' title='bbox 577 524 734 591; x_wconf 91' lang='lat' dir='ltr'>exercitus</span> <span class='ocrx_word' id='word_1_19' title='bbox 764 525 851 591; x_wconf 86' lang='lat' dir='ltr'>velut</span> <span class='ocrx_word' id='word_1_20' title='bbox 880 525 913 590; x_wconf 92' lang='lat' dir='ltr'>in</span> <span class='ocrx_word' id='word_1_21' title='bbox 947 525 1118 591; x_wconf 80' lang='lat' dir='ltr'><strong>solitudine</strong></span> 
     </span>
     <span class='ocr_line' id='line_1_4' title="bbox 123 632 266 697; baseline -0.007 0"><span class='ocrx_word' id='word_1_22' title='bbox 123 632 266 697; x_wconf 88' lang='lat' dir='ltr'>destitutus.</span> 
     </span>
    </p>

    <p class='ocr_par' dir='ltr' id='par_1_3' title="bbox 540 736 658 790">
     <span class='ocr_line' id='line_1_5' title="bbox 540 736 658 790; baseline 0.008 -1"><span class='ocrx_word' id='word_1_23' title='bbox 540 736 604 790; x_wconf 73' lang='lat' dir='ltr'>(lan.</span> <span class='ocrx_word' id='word_1_24' title='bbox 624 736 658 790; x_wconf 89' lang='lat' dir='ltr'>V.</span> 
     </span>
    </p>

    <p class='ocr_par' dir='ltr' id='par_1_4' title="bbox 74 837 1154 3945">
     <span class='ocr_line' id='line_1_6' title="bbox 77 837 1150 923; baseline 0.001 -19"><span class='ocrx_word' id='word_1_25' title='bbox 77 843 104 915; x_wconf 80' lang='grc'>[9</span> <span class='ocrx_word' id='word_1_26' title='bbox 189 841 297 922; x_wconf 90' lang='lat' dir='ltr'>lamque</span> <span class='ocrx_word' id='word_1_27' title='bbox 312 839 446 921; x_wconf 88' lang='lat' dir='ltr'>laevam,</span> <span class='ocrx_word' id='word_1_28' title='bbox 471 859 534 922; x_wconf 89' lang='lat' dir='ltr'>qua</span> <span class='ocrx_word' id='word_1_29' title='bbox 549 839 686 923; x_wconf 90' lang='lat' dir='ltr'>clipeum</span> <span class='ocrx_word' id='word_1_30' title='bbox 705 838 748 903; x_wconf 91' lang='lat' dir='ltr'>ad</span> <span class='ocrx_word' id='word_1_31' title='bbox 765 838 847 904; x_wconf 87' lang='lat' dir='ltr'>ictus</span> <span class='ocrx_word' id='word_1_32' title='bbox 863 837 1115 922; x_wconf 83' lang='lat' dir='ltr'>circumferebat,</span> <span class='ocrx_word' id='word_1_33' title='bbox 1137 856 1150 905; x_wconf 91' lang='lat'>1</span> 
     </span>
     <span class='ocr_line' id='line_1_7' title="bbox 117 942 1116 1027; baseline 0 -19"><span class='ocrx_word' id='word_1_34' title='bbox 117 945 272 1024; x_wconf 79' lang='lat' dir='ltr'>lassaverat,</span> <span class='ocrx_word' id='word_1_35' title='bbox 294 943 505 1009; x_wconf 85' lang='lat' dir='ltr'>clamantibus</span> <span class='ocrx_word' id='word_1_36' title='bbox 539 943 667 1024; x_wconf 88' lang='lat' dir='ltr'>amicis,</span> <span class='ocrx_word' id='word_1_37' title='bbox 701 950 736 1007; x_wconf 86' lang='lat' dir='ltr'>ut</span> <span class='ocrx_word' id='word_1_38' title='bbox 770 943 813 1007; x_wconf 93' lang='lat' dir='ltr'>ad</span> <span class='ocrx_word' id='word_1_39' title='bbox 845 942 931 1027; x_wconf 90' lang='lat' dir='ltr'>ipsos</span> <span class='ocrx_word' id='word_1_40' title='bbox 965 943 1116 1024; x_wconf 80' lang='lat' dir='ltr'>desiliret,</span> 
     </span>
     <span class='ocr_line' id='line_1_8' title="bbox 111 1045 1118 1132; baseline 0.001 -21"><span class='ocrx_word' id='word_1_41' title='bbox 111 1047 273 1129; x_wconf 86' lang='lat' dir='ltr'>stabantque</span> <span class='ocrx_word' id='word_1_42' title='bbox 286 1047 467 1132; x_wconf 82' lang='lat' dir='ltr'>excepturi:</span> <span class='ocrx_word' id='word_1_43' title='bbox 492 1066 563 1111; x_wconf 93' lang='lat' dir='ltr'>cum</span> <span class='ocrx_word' id='word_1_44' title='bbox 577 1045 633 1110; x_wconf 91' lang='lat' dir='ltr'>ille</span> <span class='ocrx_word' id='word_1_45' title='bbox 647 1065 824 1112; x_wconf 81' lang='lat' dir='ltr'>remensus</span> <span class='ocrx_word' id='word_1_46' title='bbox 840 1054 890 1111; x_wconf 89' lang='lat' dir='ltr'>est</span> <span class='ocrx_word' id='word_1_47' title='bbox 900 1046 1118 1112; x_wconf 87' lang='lat' dir='ltr'>incredibilem</span> 
     </span>
     <span class='ocr_line' id='line_1_9' title="bbox 106 1149 1116 1234; baseline 0.002 -18"><span class='ocrx_word' id='word_1_48' title='bbox 106 1159 189 1234; x_wconf 90' lang='lat' dir='ltr'>atquc</span> <span class='ocrx_word' id='word_1_49' title='bbox 208 1151 372 1216; x_wconf 86' lang='lat' dir='ltr'>inauditam</span> <span class='ocrx_word' id='word_1_50' title='bbox 404 1151 565 1233; x_wconf 90' lang='lat' dir='ltr'>multoque</span> <span class='ocrx_word' id='word_1_51' title='bbox 595 1150 697 1233; x_wconf 91' lang='lat' dir='ltr'>magis</span> <span class='ocrx_word' id='word_1_52' title='bbox 720 1149 761 1214; x_wconf 92' lang='lat' dir='ltr'>ad</span> <span class='ocrx_word' id='word_1_53' title='bbox 791 1149 908 1215; x_wconf 88' lang='lat' dir='ltr'>famam</span> <span class='ocrx_word' id='word_1_54' title='bbox 930 1152 1116 1218; x_wconf 90' lang='lat' dir='ltr'>temeritatis</span> 
     </span>
     <span class='ocr_line' id='line_1_10' title="bbox 104 1252 1152 1338; baseline 0.001 -18"><span class='ocrx_word' id='word_1_55' title='bbox 104 1277 187 1338; x_wconf 91' lang='lat' dir='ltr'>quam</span> <span class='ocrx_word' id='word_1_56' title='bbox 216 1252 342 1338; x_wconf 84' lang='lat' dir='ltr'>gloriam</span> <span class='ocrx_word' id='word_1_57' title='bbox 375 1253 541 1337; x_wconf 88' lang='lat' dir='ltr'>insignem.</span> <span class='ocrx_word' id='word_1_58' title='bbox 587 1254 734 1336; x_wconf 88' lang='lat' dir='ltr'>Namque</span> <span class='ocrx_word' id='word_1_59' title='bbox 768 1253 801 1317; x_wconf 94' lang='lat' dir='ltr'>in</span> <span class='ocrx_word' id='word_1_60' title='bbox 834 1255 946 1319; x_wconf 91' lang='lat' dir='ltr'>urbem</span> <span class='ocrx_word' id='word_1_61' title='bbox 979 1255 1152 1322; x_wconf 74' lang='lat' dir='ltr'>hostiumn</span> 
     </span>
     <span class='ocr_line' id='line_1_11' title="bbox 100 1357 1119 1444; baseline 0.003 -22"><span class='ocrx_word' id='word_1_62' title='bbox 100 1360 215 1444; x_wconf 90' lang='lat' dir='ltr'>plenam</span> <span class='ocrx_word' id='word_1_63' title='bbox 251 1358 413 1443; x_wconf 82' lang='lat' dir='ltr'>praecipiti</span> <span class='ocrx_word' id='word_1_64' title='bbox 450 1359 535 1422; x_wconf 90' lang='lat' dir='ltr'>saltu</span> <span class='ocrx_word' id='word_1_65' title='bbox 576 1357 747 1442; x_wconf 88' lang='lat' dir='ltr'>semetipse</span> <span class='ocrx_word' id='word_1_66' title='bbox 782 1357 922 1438; x_wconf 87' lang='lat' dir='ltr'>immisit,</span> <span class='ocrx_word' id='word_1_67' title='bbox 964 1378 1036 1424; x_wconf 91' lang='lat' dir='ltr'>cum</span> <span class='ocrx_word' id='word_1_68' title='bbox 1064 1360 1119 1425; x_wconf 86' lang='lat' dir='ltr'>vix</span> 
     </span>
     <span class='ocr_line' id='line_1_12' title="bbox 99 1459 1118 1548; baseline 0.001 -20"><span class='ocrx_word' id='word_1_69' title='bbox 99 1485 216 1548; x_wconf 92' lang='lat' dir='ltr'>sperare</span> <span class='ocrx_word' id='word_1_70' title='bbox 246 1469 353 1548; x_wconf 90' lang='lat' dir='ltr'>posset</span> <span class='ocrx_word' id='word_1_71' title='bbox 382 1459 586 1527; x_wconf 88' lang='lat' dir='ltr'>dimicantem</span> <span class='ocrx_word' id='word_1_72' title='bbox 617 1468 703 1527; x_wconf 90' lang='lat' dir='ltr'>certe</span> <span class='ocrx_word' id='word_1_73' title='bbox 735 1468 766 1527; x_wconf 91' lang='lat' dir='ltr'>et</span> <span class='ocrx_word' id='word_1_74' title='bbox 796 1481 860 1526; x_wconf 93' lang='lat' dir='ltr'>non</span> <span class='ocrx_word' id='word_1_75' title='bbox 890 1462 1024 1528; x_wconf 92' lang='lat' dir='ltr'>inultum</span> <span class='ocrx_word' id='word_1_76' title='bbox 1041 1483 1118 1530; x_wconf 84' lang='lat' dir='ltr'>esse</span> 
     </span>
     <span class='ocr_line' id='line_1_13' title="bbox 94 1565 1118 1653; baseline -0.001 -21"><span class='ocrx_word' id='word_1_77' title='bbox 94 1567 280 1632; x_wconf 89' lang='lat' dir='ltr'>moritumm:</span> <span class='ocrx_word' id='word_1_78' title='bbox 304 1565 422 1650; x_wconf 91' lang='lat' dir='ltr'>quippe</span> <span class='ocrx_word' id='word_1_79' title='bbox 439 1572 611 1648; x_wconf 89' lang='lat' dir='ltr'>antequam</span> <span class='ocrx_word' id='word_1_80' title='bbox 633 1572 822 1649; x_wconf 82' lang='lat' dir='ltr'>assurgeret,</span> <span class='ocrx_word' id='word_1_81' title='bbox 840 1567 974 1651; x_wconf 88' lang='lat' dir='ltr'>opprimi</span> <span class='ocrx_word' id='word_1_82' title='bbox 993 1573 1118 1653; x_wconf 88' lang='lat' dir='ltr'>poterat</span> 
     </span>
     <span class='ocr_line' id='line_1_14' title="bbox 92 1667 1152 1756; baseline 0.001 -19"><span class='ocrx_word' id='word_1_83' title='bbox 92 1679 123 1737; x_wconf 88' lang='lat' dir='ltr'>et</span> <span class='ocrx_word' id='word_1_84' title='bbox 145 1670 211 1756; x_wconf 90' lang='lat' dir='ltr'>capi</span> <span class='ocrx_word' id='word_1_85' title='bbox 238 1671 337 1740; x_wconf 82' lang='lat' dir='ltr'>vivus.</span> <span class='ocrx_word' id='word_1_86' title='bbox 384 1668 451 1734; x_wconf 87' lang='lat' dir='ltr'>Sed</span> <span class='ocrx_word' id='word_1_87' title='bbox 480 1667 563 1734; x_wconf 86' lang='lat' dir='ltr'>forte</span> <span class='ocrx_word' id='word_1_88' title='bbox 593 1669 640 1734; x_wconf 92' lang='lat' dir='ltr'>ita</span> <span class='ocrx_word' id='word_1_89' title='bbox 669 1669 842 1736; x_wconf 85' lang='lat' dir='ltr'>libraverat</span> <span class='ocrx_word' id='word_1_90' title='bbox 865 1691 988 1756; x_wconf 88' lang='lat' dir='ltr'>corpus,</span> <span class='ocrx_word' id='word_1_91' title='bbox 1018 1679 1053 1735; x_wconf 90' lang='lat' dir='ltr'>ut</span> <span class='ocrx_word' id='word_1_92' title='bbox 1082 1689 1152 1738; x_wconf 78' lang='lat' dir='ltr'>sea</span> 
     </span>
     <span class='ocr_line' id='line_1_15' title="bbox 89 1773 1118 1862; baseline -0.001 -21"><span class='ocrx_word' id='word_1_93' title='bbox 89 1775 221 1860; x_wconf 91' lang='lat' dir='ltr'>pedibus</span> <span class='ocrx_word' id='word_1_94' title='bbox 260 1774 429 1858; x_wconf 86' lang='lat' dir='ltr'>exciperet.</span> <span class='ocrx_word' id='word_1_95' title='bbox 474 1773 586 1856; x_wconf 89' lang='lat' dir='ltr'>Itaque</span> <span class='ocrx_word' id='word_1_96' title='bbox 617 1781 706 1839; x_wconf 89' lang='lat' dir='ltr'>stans</span> <span class='ocrx_word' id='word_1_97' title='bbox 737 1773 796 1838; x_wconf 91' lang='lat' dir='ltr'>init</span> <span class='ocrx_word' id='word_1_98' title='bbox 826 1795 976 1862; x_wconf 89' lang='lat' dir='ltr'>pugnam,</span> <span class='ocrx_word' id='word_1_99' title='bbox 1007 1781 1048 1856; x_wconf 91' lang='lat' dir='ltr'>et,</span> <span class='ocrx_word' id='word_1_100' title='bbox 1078 1795 1118 1840; x_wconf 89' lang='lat' dir='ltr'>nc</span> 
     </span>
     <span class='ocr_line' id='line_1_16' title="bbox 86 1876 1153 1964; baseline 0.001 -20"><span class='ocrx_word' id='word_1_101' title='bbox 86 1878 239 1944; x_wconf 91' lang='lat' dir='ltr'>circumiri</span> <span class='ocrx_word' id='word_1_102' title='bbox 254 1883 371 1964; x_wconf 89' lang='lat' dir='ltr'>posset,</span> <span class='ocrx_word' id='word_1_103' title='bbox 395 1877 521 1942; x_wconf 85' lang='lat' dir='ltr'>fortuna</span> <span class='ocrx_word' id='word_1_104' title='bbox 535 1876 728 1961; x_wconf 88' lang='lat' dir='ltr'>providerat.</span> <span class='ocrx_word' id='word_1_105' title='bbox 775 1878 909 1944; x_wconf 89' lang='lat' dir='ltr'>Vetusta</span> <span class='ocrx_word' id='word_1_106' title='bbox 924 1879 1018 1943; x_wconf 91' lang='lat' dir='ltr'>arbor</span> <span class='ocrx_word' id='word_1_107' title='bbox 1033 1878 1119 1943; x_wconf 93' lang='lat' dir='ltr'>baud</span> <span class='ocrx_word' id='word_1_108' title='bbox 1137 1893 1153 1945; x_wconf 82' lang='grc'>4</span> 
     </span>
     <span class='ocr_line' id='line_1_17' title="bbox 80 1981 1119 2068; baseline -0.002 -20"><span class='ocrx_word' id='word_1_109' title='bbox 80 1983 191 2068; x_wconf 94' lang='lat' dir='ltr'>procul</span> <span class='ocrx_word' id='word_1_110' title='bbox 213 2001 301 2046; x_wconf 94' lang='lat' dir='ltr'>muro</span> <span class='ocrx_word' id='word_1_111' title='bbox 323 2000 430 2046; x_wconf 92' lang='lat' dir='ltr'>ramos</span> <span class='ocrx_word' id='word_1_112' title='bbox 452 1983 551 2046; x_wconf 89' lang='lat' dir='ltr'>multa</span> <span class='ocrx_word' id='word_1_113' title='bbox 574 1981 687 2047; x_wconf 87' lang='lat' dir='ltr'>fronde</span> <span class='ocrx_word' id='word_1_114' title='bbox 702 1981 945 2062; x_wconf 87' lang='lat' dir='ltr'>vestitos‚vclut</span> <span class='ocrx_word' id='word_1_115' title='bbox 967 1982 1007 2047; x_wconf 92' lang='lat' dir='ltr'>de</span> <span class='ocrx_word' id='word_1_116' title='bbox 1029 1982 1119 2046; x_wconf 94' lang='lat' dir='ltr'>indu-</span> 
     </span>
     <span class='ocr_line' id='line_1_18' title="bbox 77 2086 1118 2172; baseline 0 -20"><span class='ocrx_word' id='word_1_117' title='bbox 77 2087 156 2152; x_wconf 88' lang='lat' dir='ltr'>stria</span> <span class='ocrx_word' id='word_1_118' title='bbox 177 2107 288 2169; x_wconf 91' lang='lat' dir='ltr'>regem</span> <span class='ocrx_word' id='word_1_119' title='bbox 306 2093 518 2171; x_wconf 81' lang='lat' dir='ltr'>protegentes,</span> <span class='ocrx_word' id='word_1_120' title='bbox 538 2086 713 2153; x_wconf 88' lang='lat' dir='ltr'>obiecerat:</span> <span class='ocrx_word' id='word_1_121' title='bbox 737 2086 832 2152; x_wconf 93' lang='lat' dir='ltr'>buius</span> <span class='ocrx_word' id='word_1_122' title='bbox 855 2087 995 2172; x_wconf 89' lang='lat' dir='ltr'>spatioso</span> <span class='ocrx_word' id='word_1_123' title='bbox 1018 2087 1118 2172; x_wconf 86' lang='lat' dir='ltr'>stipiti</span> 
     </span>
     <span class='ocr_line' id='line_1_19' title="bbox 75 2189 1118 2276; baseline 0.001 -20"><span class='ocrx_word' id='word_1_124' title='bbox 75 2210 193 2276; x_wconf 89' lang='lat' dir='ltr'>corpus</span> <span class='ocrx_word' id='word_1_125' title='bbox 222 2189 389 2275; x_wconf 87' lang='lat' dir='ltr'>applicuit,</span> <span class='ocrx_word' id='word_1_126' title='bbox 421 2190 525 2275; x_wconf 90' lang='lat' dir='ltr'>clipeo</span> <span class='ocrx_word' id='word_1_127' title='bbox 555 2190 631 2270; x_wconf 90' lang='lat' dir='ltr'>tela,</span> <span class='ocrx_word' id='word_1_128' title='bbox 661 2210 743 2273; x_wconf 89' lang='lat' dir='ltr'>quae</span> <span class='ocrx_word' id='word_1_129' title='bbox 767 2210 807 2255; x_wconf 95' lang='lat' dir='ltr'>ex</span> <span class='ocrx_word' id='word_1_130' title='bbox 836 2191 973 2257; x_wconf 84' lang='lat' dir='ltr'>adverso</span> <span class='ocrx_word' id='word_1_131' title='bbox 996 2191 1118 2273; x_wconf 90' lang='lat' dir='ltr'>ingere·</span> 
     </span>
     <span class='ocr_line' id='line_1_20' title="bbox 74 2293 1153 2381; baseline 0.003 -21"><span class='ocrx_word' id='word_1_132' title='bbox 74 2296 199 2376; x_wconf 86' lang='lat' dir='ltr'>bantur,</span> <span class='ocrx_word' id='word_1_133' title='bbox 233 2293 407 2379; x_wconf 88' lang='lat' dir='ltr'>excipiens.</span> <span class='ocrx_word' id='word_1_134' title='bbox 453 2294 536 2358; x_wconf 86' lang='lat' dir='ltr'>Nam</span> <span class='ocrx_word' id='word_1_135' title='bbox 566 2315 637 2360; x_wconf 91' lang='lat' dir='ltr'>cum</span> <span class='ocrx_word' id='word_1_136' title='bbox 666 2315 765 2359; x_wconf 93' lang='lat' dir='ltr'>unum</span> <span class='ocrx_word' id='word_1_137' title='bbox 791 2295 902 2381; x_wconf 90' lang='lat' dir='ltr'>procul</span> <span class='ocrx_word' id='word_1_138' title='bbox 931 2301 977 2360; x_wconf 91' lang='lat' dir='ltr'>tot</span> <span class='ocrx_word' id='word_1_139' title='bbox 1005 2314 1153 2364; x_wconf 76' lang='lat' dir='ltr'>manusc</span> 
     </span>
     <span class='ocr_line' id='line_1_21' title="bbox 74 2397 1120 2484; baseline 0 -20"><span class='ocrx_word' id='word_1_140' title='bbox 74 2405 230 2484; x_wconf 79' lang='lat' dir='ltr'>peterent,</span> <span class='ocrx_word' id='word_1_141' title='bbox 247 2417 342 2464; x_wconf 89' lang='lat' dir='ltr'>nemo</span> <span class='ocrx_word' id='word_1_142' title='bbox 365 2404 471 2464; x_wconf 91' lang='lat' dir='ltr'>tamen</span> <span class='ocrx_word' id='word_1_143' title='bbox 485 2397 623 2464; x_wconf 86' lang='lat' dir='ltr'>audebat</span> <span class='ocrx_word' id='word_1_144' title='bbox 645 2399 775 2484; x_wconf 89' lang='lat' dir='ltr'>propius</span> <span class='ocrx_word' id='word_1_145' title='bbox 795 2398 963 2465; x_wconf 88' lang='lat' dir='ltr'>accedere:</span> <span class='ocrx_word' id='word_1_146' title='bbox 987 2399 1120 2465; x_wconf 86' lang='lat' dir='ltr'>missilia</span> 
     </span>
     <span class='ocr_line' id='line_1_22' title="bbox 74 2501 1153 2588; baseline 0.005 -21"><span class='ocrx_word' id='word_1_147' title='bbox 74 2503 166 2569; x_wconf 61' lang='lat' dir='ltr'>&#39;amis</span> <span class='ocrx_word' id='word_1_148' title='bbox 190 2503 399 2588; x_wconf 91' lang='lat' dir='ltr'>pluraquam</span> <span class='ocrx_word' id='word_1_149' title='bbox 423 2501 526 2587; x_wconf 90' lang='lat' dir='ltr'>clipeo</span> <span class='ocrx_word' id='word_1_150' title='bbox 546 2502 737 2568; x_wconf 89' lang='lat' dir='ltr'>incidebant.</span> <span class='ocrx_word' id='word_1_151' title='bbox 783 2502 949 2587; x_wconf 88' lang='lat' dir='ltr'>Pugnabat</span> <span class='ocrx_word' id='word_1_152' title='bbox 964 2525 1020 2588; x_wconf 92' lang='lat' dir='ltr'>pro</span> <span class='ocrx_word' id='word_1_153' title='bbox 1044 2524 1120 2588; x_wconf 88' lang='lat' dir='ltr'>rege</span> <span class='ocrx_word' id='word_1_154' title='bbox 1138 2523 1153 2572; x_wconf 81' lang='lat'>6</span> 
     </span>
     <span class='ocr_line' id='line_1_23' title="bbox 74 2605 1120 2692; baseline 0.002 -21"><span class='ocrx_word' id='word_1_155' title='bbox 74 2608 210 2672; x_wconf 72' lang='lat' dir='ltr'>trimum</span> <span class='ocrx_word' id='word_1_156' title='bbox 220 2606 376 2672; x_wconf 89' lang='lat' dir='ltr'>celebrati</span> <span class='ocrx_word' id='word_1_157' title='bbox 387 2606 524 2672; x_wconf 91' lang='lat' dir='ltr'>nominis</span> <span class='ocrx_word' id='word_1_158' title='bbox 536 2605 631 2690; x_wconf 86' lang='lat' dir='ltr'>fama,</span> <span class='ocrx_word' id='word_1_159' title='bbox 641 2606 758 2673; x_wconf 88' lang='lat' dir='ltr'>deinde</span> <span class='ocrx_word' id='word_1_160' title='bbox 770 2607 1120 2692; x_wconf 84' lang='lat' dir='ltr'>desperati0,magnum</span> 
     </span>
     <span class='ocr_line' id='line_1_24' title="bbox 74 2711 1153 2779; baseline 0.005 -5"><span class='ocrx_word' id='word_1_161' title='bbox 74 2711 100 2774; x_wconf 92' lang='lat' dir='ltr'>d</span> <span class='ocrx_word' id='word_1_162' title='bbox 128 2711 278 2777; x_wconf 88' lang='lat' dir='ltr'>honeste</span> <span class='ocrx_word' id='word_1_163' title='bbox 301 2711 498 2777; x_wconf 93' lang='lat' dir='ltr'>moriendum</span> <span class='ocrx_word' id='word_1_164' title='bbox 513 2711 761 2777; x_wconf 90' lang='lat' dir='ltr'>incitamentum.</span> <span class='ocrx_word' id='word_1_165' title='bbox 808 2713 873 2778; x_wconf 84' lang='lat' dir='ltr'>Sed</span> <span class='ocrx_word' id='word_1_166' title='bbox 896 2732 967 2777; x_wconf 93' lang='lat' dir='ltr'>cum</span> <span class='ocrx_word' id='word_1_167' title='bbox 984 2712 1119 2778; x_wconf 89' lang='lat' dir='ltr'>subinde</span> <span class='ocrx_word' id='word_1_168' title='bbox 1138 2730 1153 2779; x_wconf 87' lang='lat'>7</span> 
     </span>
     <span class='ocr_line' id='line_1_25' title="bbox 78 2813 1120 2902; baseline 0.002 -23"><span class='ocrx_word' id='word_1_169' title='bbox 78 2815 169 2880; x_wconf 91' lang='lat' dir='ltr'>ostis</span> <span class='ocrx_word' id='word_1_170' title='bbox 207 2813 371 2896; x_wconf 87' lang='lat' dir='ltr'>afflueret,</span> <span class='ocrx_word' id='word_1_171' title='bbox 403 2817 466 2880; x_wconf 91' lang='lat' dir='ltr'>iam</span> <span class='ocrx_word' id='word_1_172' title='bbox 495 2815 657 2898; x_wconf 87' lang='lat' dir='ltr'>ingentem</span> <span class='ocrx_word' id='word_1_173' title='bbox 686 2816 752 2880; x_wconf 87' lang='lat' dir='ltr'>vim</span> <span class='ocrx_word' id='word_1_174' title='bbox 781 2817 918 2882; x_wconf 86' lang='lat' dir='ltr'>telorum</span> <span class='ocrx_word' id='word_1_175' title='bbox 948 2826 1120 2902; x_wconf 85' lang='lat' dir='ltr'>exceperat</span> 
     </span>
     <span class='ocr_line' id='line_1_26' title="bbox 74 2920 1119 3005; baseline 0.004 -23"><span class='ocrx_word' id='word_1_176' title='bbox 74 2920 178 3004; x_wconf 87' lang='lat' dir='ltr'>lipeo,</span> <span class='ocrx_word' id='word_1_177' title='bbox 220 2920 293 2984; x_wconf 88' lang='lat' dir='ltr'>iam</span> <span class='ocrx_word' id='word_1_178' title='bbox 325 2921 451 3003; x_wconf 89' lang='lat' dir='ltr'>galeam</span> <span class='ocrx_word' id='word_1_179' title='bbox 484 2939 562 2984; x_wconf 87' lang='lat' dir='ltr'>saxa</span> <span class='ocrx_word' id='word_1_180' title='bbox 604 2921 833 3005; x_wconf 82' lang='lat' dir='ltr'>perfregerant,</span> <span class='ocrx_word' id='word_1_181' title='bbox 868 2921 932 2985; x_wconf 91' lang='lat' dir='ltr'>iam</span> <span class='ocrx_word' id='word_1_182' title='bbox 969 2922 1119 2986; x_wconf 88' lang='lat' dir='ltr'>continuo</span> 
     </span>
     <span class='ocr_line' id='line_1_27' title="bbox 74 3023 1154 3109; baseline 0.004 -22"><span class='ocrx_word' id='word_1_183' title='bbox 74 3023 171 3090; x_wconf 74' lang='lat' dir='ltr'>,bore</span> <span class='ocrx_word' id='word_1_184' title='bbox 201 3031 348 3107; x_wconf 86' lang='lat' dir='ltr'>gravata</span> <span class='ocrx_word' id='word_1_185' title='bbox 374 3045 480 3108; x_wconf 92' lang='lat' dir='ltr'>genua</span> <span class='ocrx_word' id='word_1_186' title='bbox 509 3023 719 3095; x_wconf 82' lang='lat' dir='ltr'>succiderant.</span> <span class='ocrx_word' id='word_1_187' title='bbox 767 3026 881 3107; x_wconf 89' lang='lat' dir='ltr'>Itaque</span> <span class='ocrx_word' id='word_1_188' title='bbox 912 3026 1154 3109; x_wconf 70' lang='lat' dir='ltr'>contemptim&amp;</span> 
     </span>
     <span class='ocr_line' id='line_1_28' title="bbox 74 3128 1118 3214; baseline 0.003 -22"><span class='ocrx_word' id='word_1_189' title='bbox 74 3151 75 3184; x_wconf 79' lang='lat'>1</span> <span class='ocrx_word' id='word_1_190' title='bbox 104 3129 268 3209; x_wconf 89' lang='lat' dir='ltr'>incaute,</span> <span class='ocrx_word' id='word_1_191' title='bbox 294 3129 348 3210; x_wconf 95' lang='lat' dir='ltr'>qui</span> <span class='ocrx_word' id='word_1_192' title='bbox 370 3128 506 3214; x_wconf 86' lang='lat' dir='ltr'>proximi</span> <span class='ocrx_word' id='word_1_193' title='bbox 530 3135 692 3210; x_wconf 88' lang='lat' dir='ltr'>steterant,</span> <span class='ocrx_word' id='word_1_194' title='bbox 716 3130 930 3194; x_wconf 88' lang='lat' dir='ltr'>incurrerunt:</span> <span class='ocrx_word' id='word_1_195' title='bbox 962 3131 1118 3212; x_wconf 92' lang='lat' dir='ltr'>equibus</span> 
     </span>
     <span class='ocr_line' id='line_1_29' title="bbox 74 3231 1119 3320; baseline 0.005 -25"><span class='ocrx_word' id='word_1_196' title='bbox 74 3252 133 3296; x_wconf 85' lang='lat' dir='ltr'>uos</span> <span class='ocrx_word' id='word_1_197' title='bbox 151 3231 285 3315; x_wconf 87' lang='lat' dir='ltr'>gladio</span> <span class='ocrx_word' id='word_1_198' title='bbox 309 3232 355 3298; x_wconf 89' lang='lat' dir='ltr'>ita</span> <span class='ocrx_word' id='word_1_199' title='bbox 373 3231 509 3317; x_wconf 90' lang='lat' dir='ltr'>excepit,</span> <span class='ocrx_word' id='word_1_200' title='bbox 532 3240 567 3297; x_wconf 89' lang='lat' dir='ltr'>ut</span> <span class='ocrx_word' id='word_1_201' title='bbox 582 3242 656 3299; x_wconf 88' lang='lat' dir='ltr'>ante</span> <span class='ocrx_word' id='word_1_202' title='bbox 679 3234 784 3320; x_wconf 89' lang='lat' dir='ltr'>ipsum</span> <span class='ocrx_word' id='word_1_203' title='bbox 800 3235 960 3300; x_wconf 89' lang='lat' dir='ltr'>exanimes</span> <span class='ocrx_word' id='word_1_204' title='bbox 976 3255 1119 3319; x_wconf 91' lang='lat' dir='ltr'>procum·</span> 
     </span>
     <span class='ocr_line' id='line_1_30' title="bbox 74 3336 1120 3424; baseline 0.004 -24"><span class='ocrx_word' id='word_1_205' title='bbox 74 3343 180 3401; x_wconf 68' lang='lat' dir='ltr'>erent.</span> <span class='ocrx_word' id='word_1_206' title='bbox 238 3336 314 3401; x_wconf 88' lang='lat' dir='ltr'>Nec</span> <span class='ocrx_word' id='word_1_207' title='bbox 344 3336 493 3419; x_wconf 91' lang='lat' dir='ltr'>cuiquam</span> <span class='ocrx_word' id='word_1_208' title='bbox 526 3337 642 3403; x_wconf 92' lang='lat' dir='ltr'>deinde</span> <span class='ocrx_word' id='word_1_209' title='bbox 672 3337 801 3424; x_wconf 89' lang='lat' dir='ltr'>propius</span> <span class='ocrx_word' id='word_1_210' title='bbox 837 3338 1018 3404; x_wconf 88' lang='lat' dir='ltr'>incessendi</span> <span class='ocrx_word' id='word_1_211' title='bbox 1049 3360 1120 3404; x_wconf 93' lang='lat' dir='ltr'>eum</span> 
     </span>
     <span class='ocr_line' id='line_1_31' title="bbox 74 3440 1154 3526; baseline 0.003 -21"><span class='ocrx_word' id='word_1_212' title='bbox 74 3441 189 3506; x_wconf 84' lang='lat' dir='ltr'>rimus</span> <span class='ocrx_word' id='word_1_213' title='bbox 219 3440 306 3505; x_wconf 82' lang='lat' dir='ltr'>fuit:</span> <span class='ocrx_word' id='word_1_214' title='bbox 337 3443 448 3525; x_wconf 92' lang='lat' dir='ltr'>procul</span> <span class='ocrx_word' id='word_1_215' title='bbox 477 3442 582 3508; x_wconf 87' lang='lat' dir='ltr'>iacula</span> <span class='ocrx_word' id='word_1_216' title='bbox 611 3442 808 3526; x_wconf 89' lang='lat' dir='ltr'>sagittasque</span> <span class='ocrx_word' id='word_1_217' title='bbox 838 3443 1012 3508; x_wconf 90' lang='lat' dir='ltr'>mittebant.</span> <span class='ocrx_word' id='word_1_218' title='bbox 1048 3443 1154 3525; x_wconf 84' lang='lat' dir='ltr'>llle,9</span> 
     </span>
     <span class='ocr_line' id='line_1_32' title="bbox 112 3544 1119 3633; baseline 0.001 -22"><span class='ocrx_word' id='word_1_219' title='bbox 112 3544 246 3611; x_wconf 91' lang='lat' dir='ltr'>omnis</span> <span class='ocrx_word' id='word_1_220' title='bbox 283 3545 364 3610; x_wconf 91' lang='lat' dir='ltr'>ictus</span> <span class='ocrx_word' id='word_1_221' title='bbox 396 3546 568 3630; x_wconf 90' lang='lat' dir='ltr'>expositus,</span> <span class='ocrx_word' id='word_1_222' title='bbox 589 3567 652 3611; x_wconf 93' lang='lat' dir='ltr'>non</span> <span class='ocrx_word' id='word_1_223' title='bbox 683 3567 780 3630; x_wconf 90' lang='lat' dir='ltr'>aegre</span> <span class='ocrx_word' id='word_1_224' title='bbox 810 3555 917 3613; x_wconf 90' lang='lat' dir='ltr'>tamen</span> <span class='ocrx_word' id='word_1_225' title='bbox 951 3555 1119 3633; x_wconf 90' lang='lat' dir='ltr'>exceptum</span> 
     </span>
     <span class='ocr_line' id='line_1_33' title="bbox 74 3649 1119 3735; baseline 0.004 -22"><span class='ocrx_word' id='word_1_226' title='bbox 74 3649 246 3734; x_wconf 89' lang='lat' dir='ltr'>plitibus</span> <span class='ocrx_word' id='word_1_227' title='bbox 264 3670 382 3735; x_wconf 89' lang='lat' dir='ltr'>corpus</span> <span class='ocrx_word' id='word_1_228' title='bbox 395 3651 551 3730; x_wconf 88' lang='lat' dir='ltr'>tuebatur,</span> <span class='ocrx_word' id='word_1_229' title='bbox 566 3650 669 3716; x_wconf 89' lang='lat' dir='ltr'>donec</span> <span class='ocrx_word' id='word_1_230' title='bbox 680 3651 781 3716; x_wconf 87' lang='lat' dir='ltr'>Indus</span> <span class='ocrx_word' id='word_1_231' title='bbox 797 3652 930 3717; x_wconf 90' lang='lat' dir='ltr'>duorum</span> <span class='ocrx_word' id='word_1_232' title='bbox 943 3652 1119 3717; x_wconf 89' lang='lat' dir='ltr'>cubitorum</span> 
     </span>
     <span class='ocr_line' id='line_1_34' title="bbox 74 3754 1119 3838; baseline 0.004 -20"><span class='ocrx_word' id='word_1_233' title='bbox 74 3754 215 3836; x_wconf 62' lang='lat' dir='ltr'>:ittam</span> <span class='ocrx_word' id='word_1_234' title='bbox 263 3791 307 3801; x_wconf 93' lang='lat'>—</span> <span class='ocrx_word' id='word_1_235' title='bbox 342 3774 478 3837; x_wconf 92' lang='lat' dir='ltr'>namque</span> <span class='ocrx_word' id='word_1_236' title='bbox 512 3754 613 3835; x_wconf 85' lang='lat' dir='ltr'>Indis,</span> <span class='ocrx_word' id='word_1_237' title='bbox 647 3762 682 3820; x_wconf 91' lang='lat' dir='ltr'>ut</span> <span class='ocrx_word' id='word_1_238' title='bbox 715 3763 810 3821; x_wconf 89' lang='lat' dir='ltr'>antea</span> <span class='ocrx_word' id='word_1_239' title='bbox 844 3756 991 3838; x_wconf 90' lang='lat' dir='ltr'>diximus,</span> <span class='ocrx_word' id='word_1_240' title='bbox 1026 3755 1119 3822; x_wconf 91' lang='lat' dir='ltr'>huius</span> 
     </span>
     <span class='ocr_line' id='line_1_35' title="bbox 74 3858 1120 3945; baseline 0.003 -23"><span class='ocrx_word' id='word_1_241' title='bbox 74 3858 308 3942; x_wconf 84' lang='lat' dir='ltr'>gnitudinis</span> <span class='ocrx_word' id='word_1_242' title='bbox 350 3860 484 3944; x_wconf 87' lang='lat' dir='ltr'>sagittae</span> <span class='ocrx_word' id='word_1_243' title='bbox 518 3868 609 3926; x_wconf 91' lang='lat' dir='ltr'>erant</span> <span class='ocrx_word' id='word_1_244' title='bbox 646 3897 686 3906; x_wconf 92' lang='lat'>-</span> <span class='ocrx_word' id='word_1_245' title='bbox 720 3860 765 3925; x_wconf 91' lang='lat' dir='ltr'>ita</span> <span class='ocrx_word' id='word_1_246' title='bbox 803 3861 956 3942; x_wconf 88' lang='lat' dir='ltr'>excussit,</span> <span class='ocrx_word' id='word_1_247' title='bbox 992 3868 1026 3925; x_wconf 89' lang='lat' dir='ltr'>ut</span> <span class='ocrx_word' id='word_1_248' title='bbox 1063 3881 1120 3945; x_wconf 88' lang='lat' dir='ltr'>per</span> 
     </span>
    </p>
   </div>
   <div class='ocr_carea' id='block_1_3' title="bbox 0 0 1490 4322">
    <p class='ocr_par' dir='ltr' id='par_1_5' title="bbox 0 0 1490 4322">
     <span class='ocr_line' id='line_1_36' title="bbox 0 0 1490 4322; baseline 0 0"><span class='ocrx_word' id='word_1_249' title='bbox 0 0 1490 4322; x_wconf 95' lang='lat' dir='ltr'> </span> 
     </span>
    </p>
   </div>
  </div>
 </body>
</html>
