3028 4322
442 279 694 335 ursronmnum
711 281 926 337 Annxxunru
943 283 980 338 rr
1001 288 1023 337 r.
1209 288 1251 352 33

213 485 395 566 redduntur,
417 484 531 568 quihus
547 492 581 551 ut
597 488 732 570 superbe
749 485 874 573 seriptis
890 489 1096 556 vehementer
1111 491 1250 558 offensus

213 597 277 656 est:
301 590 472 675 praecipue
488 611 560 656 eum
574 591 682 672 movit,
704 591 790 674 quod
805 593 931 659 Dareus
947 594 1008 675 sibi
1023 595 1109 678 regis
1125 596 1250 661 titulum

212 715 271 760 nec
302 693 438 760 eundem
461 694 635 760 Alexandri
666 695 786 762 nomini
816 697 1017 783 ascripserat.
1062 699 1285 766 Postulabats

211 805 317 864 autem
331 797 434 882 magis
450 819 545 881 quam
560 799 699 884 petebat,
720 807 754 865 ut
769 809 903 888 accepta
918 803 1062 888 pecunia,
1086 811 1250 886 quantam-

211 923 344 986 cumque
359 909 426 968 tota
441 900 630 968 Macedonia
646 911 783 988 caperet,
807 913 941 972 matrem
957 907 1018 972 sibi
1034 914 1066 972 et
1081 907 1249 992 coniugem

210 1007 390 1089 liberosque
412 1005 601 1072 restitueret.
636 1008 686 1073 De
709 1029 810 1092 regno
829 1031 942 1093 aequo,
966 1011 993 1076 si
1015 1012 1123 1093 vellet,
1147 1011 1249 1080 Marte

209 1110 423 1178 contenderet.
469 1111 504 1176 Si
527 1111 655 1178 saniora
678 1113 813 1178 consilia
834 1115 965 1181 tandem
987 1116 1055 1201 pati
1081 1116 1247 1202 potuisset,
1267 1131 1284 1182 9

209 1225 374 1283 contentus
390 1217 493 1302 patrio
509 1218 639 1284 cederet
653 1217 752 1284 alieni
766 1219 891 1304 imperii
906 1219 1031 1302 finibus,
1053 1222 1159 1288 socius
1173 1223 1249 1287 ami-

209 1342 329 1405 cusque
345 1329 439 1388 esset.
474 1322 511 1386 In
528 1343 567 1388 ea
582 1343 616 1387 se
632 1321 728 1388 fidem
744 1331 776 1389 et
791 1323 869 1390 dare
884 1332 1030 1410 paratum
1045 1333 1077 1392 et
1091 1326 1246 1413 accipere.

313 1425 432 1494 Oontra
465 1426 650 1492 Alexander
685 1428 717 1492 in
751 1427 835 1494 hunc
868 1430 1006 1496 maxime
1040 1430 1167 1495 modum
1200 1453 1247 1497 re·
1266 1445 1299 1494 10

206 1530 351 1614 scripsit:
371 1531 454 1596 ‘Rex
470 1529 654 1596 Alexander
676 1532 783 1596 Dareo
806 1532 839 1598 S.
886 1531 982 1598 Cuius
1005 1553 1120 1600 nomen
1144 1553 1277 1619 sump-

205 1636 284 1717 sisti,
323 1635 448 1700 Dareus
486 1635 635 1715 Graecos,
675 1636 730 1718 qui
767 1656 855 1702 cram
892 1637 1093 1722 Hellesponti
1128 1645 1245 1720 tenent,

205 1739 408 1822 coloniasque
431 1739 624 1805 Graecorum
646 1739 754 1805 Ionias
778 1739 862 1804 omni
885 1739 978 1806 clade
1000 1741 1145 1823 vastavit,
1174 1761 1246 1807 cum

207 1863 323 1927 magno
368 1843 485 1908 deiude
516 1843 657 1908 exercitu
700 1865 787 1909 mare
831 1844 964 1926 traiecit,
1009 1844 1097 1912 illato
1142 1847 1245 1912 Mace-

204 1947 321 2013 doniae
345 1954 377 2014 et
400 1947 553 2013 Graeciae
582 1948 676 2024 hello.
723 1949 844 2014 Rursus
874 1951 999 2014 Xerxes
1030 1949 1134 2033 gentis
1165 1950 1294 2016 eius-11

203 2052 276 2118 dem
305 2052 348 2118 ad
377 2052 611 2138 oppugnandos
641 2073 698 2118 nos
732 2074 804 2118 cum
826 2053 1010 2118 immanium
1039 2054 1244 2120 barbarorum

202 2157 303 2243 copiis
325 2157 432 2223 venit:
457 2157 520 2240 qui,
543 2157 652 2222 navali
664 2158 785 2243 proelio
796 2157 909 2239 victus,
926 2157 1122 2223 Mardonium
1137 2165 1261 2228 tamen,
1301 2200 1303 2204 -

200 2261 328 2344 reliquit
350 2261 384 2325 in
399 2261 542 2342 Graecia,
567 2269 601 2326 ut
624 2263 740 2328 absens
764 2282 890 2345 quoque
909 2263 1114 2347 popularetur
1135 2264 1239 2343 urbes,

199 2385 295 2450 agros
328 2373 442 2432 ureret.
488 2366 672 2452 Philippum
701 2387 787 2448 vero,
822 2373 985 2451 parentem
1018 2388 1132 2448 meum,
1168 2367 1241 2450 quis
1262 2381 1293 2430 12

200 2470 328 2554 ignorat
349 2471 390 2538 ab
413 2470 452 2536 iis
475 2470 676 2536 interfectum
700 2491 779 2552 esse,
812 2491 892 2553 quos
921 2470 1063 2554 ingentis
1086 2471 1242 2556 pecuniae

199 2596 258 2661 spe
290 2574 539 2640 sollicitaverant
562 2573 686 2642 vestri?
731 2575 834 2660 Impia
857 2575 941 2640 enim
974 2575 1059 2640 bella
1080 2576 1241 2660 suscipitis

199 2687 239 2761 et,
264 2699 335 2744 cum
362 2678 508 2744 babeatis
538 2700 636 2760 arma,
667 2679 808 2744 licemini
838 2679 976 2743 hostium
1007 2679 1127 2764 capita:
1158 2680 1241 2745 sicut

196 2791 231 2848 tu
260 2783 404 2868 proxime
433 2783 562 2849 talentis
593 2783 689 2865 mille,
720 2783 799 2848 tanti
830 2783 988 2848 exercitus
1018 2805 1083 2864 rex,
1115 2804 1240 2868 percus.

196 2907 299 2953 sorem
332 2887 365 2950 in
398 2908 450 2952 me
484 2909 589 2953 emere
623 2887 765 2952 voluisti.
812 2887 944 2972 Repello
978 2887 1075 2971 igitur
1108 2888 1237 2970 bellum,
1259 2901 1291 2950 13

195 3013 259 3058 non
293 2991 406 3058 infero.
451 2993 493 3058 Et
526 2992 560 3057 di
594 3012 719 3076 quoque
752 3013 810 3077 pro
844 2992 975 3061 meliore
1009 2999 1093 3057 stant
1126 3013 1238 3058 causa:

195 3117 345 3180 magnam
376 3103 499 3180 partem
530 3096 627 3162 Asiae
660 3097 694 3161 in
723 3096 881 3162 dicionem
914 3096 1027 3179 redegi
1060 3117 1172 3177 meam,
1206 3104 1238 3162 te

194 3201 299 3285 ipsum
321 3201 390 3266 acie
413 3200 485 3266 vici.
529 3200 631 3277 Quem
656 3201 716 3266 etsi
738 3201 817 3265 nihil
840 3221 860 3264 a
882 3222 934 3266 me
957 3200 1126 3286 impetrare
1149 3221 1238 3286 opor·

194 3307 291 3386 tebat,
322 3312 433 3390 utpote¹
456 3305 510 3389 qui
532 3327 573 3371 ne
596 3306 674 3371 belli
705 3305 834 3388 quidem
864 3306 897 3369 in
927 3326 979 3370 me
1001 3305 1070 3369 iura
1093 3325 1237 3372 servave-

194 3409 247 3490 ris,
271 3416 388 3491 tamen,
413 3410 441 3476 si
455 3409 581 3476 veneris
601 3411 747 3496 supplex,
773 3417 805 3476 et
823 3417 956 3475 matrem
971 3416 1003 3474 et
1022 3409 1189 3492 coniugem
1205 3417 1237 3476 et

194 3513 312 3578 liberos
329 3513 398 3579 sine
418 3513 520 3599 pretio
535 3520 736 3600 recepturum
752 3533 823 3579 esse
841 3513 999 3600 promitto.
1045 3513 1085 3576 Rt
1107 3512 1235 3580 vincere
1256 3525 1288 3574 14

193 3623 225 3682 et
255 3615 422 3682 consulere
452 3617 546 3682 victis
577 3618 653 3682 scio.
700 3616 823 3694 Quodsi
853 3624 884 3682 te
916 3617 1113 3684 committere
1143 3617 1235 3682 nobis

190 3721 294 3803 times,
318 3720 464 3787 dabimus
484 3720 589 3804 fidem,
611 3722 740 3808 impune
755 3728 932 3789 venturum.
967 3721 1017 3786 De
1034 3725 1148 3801 cetero,
1163 3740 1234 3786 cum

190 3825 269 3889 mihi
284 3825 415 3907 scribes,
439 3833 597 3891 memento
620 3845 682 3890 ncn
706 3826 807 3891 solum
830 3825 963 3908 regite,
989 3824 1046 3889 sed
1067 3824 1163 3889 etiam
1178 3831 1232 3890 tuo

189 3929 349 3995 seribere?
394 3929 447 3995 Ad
469 3937 551 3996 hanc
573 3929 795 4015 perferendam
814 3929 1012 4014 Thersippus
1036 3934 1085 3994 est
1107 3928 1231 3993 missus.
1252 3940 1284 3990 15

244 4065 343 4109 Curtius
356 4065 434 4109 Rufus
447 4076 496 4110 von
512 4065 634 4121 Stangl.
1111 4051 1127 4102 3
