3040 4318
396 229 647 294 HISTORIARUM
664 239 880 294 ALEXANDRI
898 239 922 293 V
940 241 964 294 8.
984 241 1008 293 9.
1163 241 1222 304 111

188 454 243 512 aut
264 467 422 532 reparare,
454 466 536 529 quae
565 445 667 527 amisi,
698 453 753 510 aut
782 445 918 512 honesta
947 452 1048 512 morte
1071 445 1228 530 defungi?

188 550 259 615 Nisi
291 549 373 616 forte
407 550 506 616 satius
541 557 598 634 est,
634 557 804 636 expectare
837 550 968 615 victoris
998 550 1162 616 arbitrium
1196 557 1227 616 et
1247 569 1279 620 12

189 655 312 720 Mazaei
335 661 367 720 et
382 653 549 720 Mithrenis
565 655 712 739 exemplo
727 653 906 739 precarium
925 637 1071 738 aeoipere
1093 675 1228 738 regnum

187 759 324 824 nationis
346 759 441 824 unius
463 797 507 806 -
529 759 649 824 utiam
675 758 765 824 malit
794 758 848 824 ille
879 758 1001 841 gloriae
1031 778 1108 838 suae
1132 778 1229 841 quam

187 862 254 928 irae
277 863 426 947 obsequi!
463 863 533 928 Nee
556 863 590 928 di
612 863 752 944 siverint,
776 870 811 928 ut
833 861 896 928 hoe
920 862 1018 928 deous
1033 863 1096 928 mei
1112 861 1226 947 eapitis
1247 881 1279 931 13

187 974 243 1031 aut
258 966 385 1033 demere
400 967 479 1032 mihi
498 967 665 1050 quisquam
684 978 781 1053 queat
795 974 850 1032 aut
866 966 1061 1032 condonare:
1079 989 1133 1053 epo
1148 976 1228 1030 certe

187 1093 369 1157 numquam
394 1072 456 1137 hoo
486 1071 653 1157 imperium
682 1073 775 1138 vivus
805 1072 957 1153 amittam,
989 1071 1138 1154 idemque
1169 1071 1228 1136 erit

187 1177 280 1259 regni
302 1176 373 1258 mei,
405 1177 460 1260 qui
483 1176 621 1262 spiritus,
653 1176 735 1242 finis.
783 1175 818 1242 si
843 1175 897 1241 hio
927 1175 1061 1257 animus,
1093 1175 1225 1249 sihaeo
1245 1192 1278 1242 14

187 1280 249 1362 lex,
274 1280 353 1346 nulli
375 1300 437 1347 non
461 1288 553 1366 parta
575 1281 707 1348 libertas
723 1289 787 1348 est:
810 1299 904 1346 nemo
920 1302 937 1346 e
953 1280 1046 1347 vohis
1062 1279 1227 1345 fastidium

187 1383 406 1468 Macedonum,
429 1405 523 1451 nemo
539 1385 660 1450 vultum
683 1386 854 1471 superbum
876 1383 960 1452 ferre
984 1391 1125 1468 cogetur.
1161 1384 1227 1450 Sua

189 1487 303 1571 euique
338 1488 470 1555 dextera
502 1496 557 1555 aut
591 1489 743 1554 ultionem
775 1496 822 1554 tot
855 1489 1010 1554 malorum
1040 1488 1143 1573 pariet
1171 1493 1227 1552 aut

189 1591 293 1658 finem.
339 1593 505 1677 Equidem,
530 1614 626 1676 quam
648 1594 815 1660 versabilis
838 1593 964 1660 fortuna
986 1593 1035 1674 sit,
1060 1593 1279 1659 documen-15

188 1704 254 1762 tum
273 1697 343 1782 ipse
367 1718 437 1764 sum
461 1718 522 1764 neo
543 1698 700 1763 immerito
722 1697 863 1764 mitiores
879 1697 967 1764 vioes
990 1697 1059 1762 eius
1083 1703 1227 1781 expecto.

189 1799 255 1867 Sed
277 1802 305 1867 si
326 1801 411 1868 iusta
433 1823 472 1868 ae
494 1803 549 1888 pia
571 1803 657 1868 bella
679 1802 713 1867 di
735 1809 930 1884 aversantur,
962 1802 1097 1867 fortibus
1119 1808 1226 1867 tamen

187 1906 264 1972 viris
287 1906 395 1972 lieebit
417 1907 551 1972 honeste
574 1907 664 1972 mori.
703 1907 766 1973 Per
781 1927 842 1990 ego
857 1927 915 1973 vos
931 1906 1048 1972 deeora
1062 1905 1226 1990 maiorum,
1246 1921 1278 1971 16

188 2011 242 2094 qui
264 2011 361 2076 totius
385 2011 524 2078 Orientis
547 2033 649 2095 regna
680 2032 752 2077 eum
774 2011 973 2078 memorabili
1002 2010 1098 2076 laude
1120 2011 1227 2092 tenuess

187 2122 268 2197 runt,
314 2137 372 2200 per
416 2116 486 2182 illos
524 2116 618 2197 viros,
658 2117 772 2200 quibus
810 2115 1002 2201 stipendium
1039 2113 1228 2180 Macedonia

187 2220 347 2302 quondam
383 2221 463 2302 tulit,
503 2242 560 2306 per
596 2227 643 2286 tot
676 2221 806 2288 navium
840 2221 960 2286 classes
993 2220 1027 2285 in
1061 2218 1227 2286 Graeciam

187 2324 310 2406 missas,
334 2346 392 2410 per
414 2333 461 2390 tot
482 2333 615 2411 tropaea
629 2347 740 2410 regum
763 2345 818 2391 oro
842 2333 873 2392 ot
888 2326 1037 2406 obtestor,
1061 2331 1096 2388 ut
1118 2322 1228 2389 nobili-

186 2436 252 2494 tate
275 2437 382 2495 vestra
405 2429 574 2513 gentisque
598 2429 715 2514 dignos
739 2431 867 2516 spiritus
890 2429 1033 2515 oapiatiS,
1057 2435 1093 2493 ut
1115 2426 1228 2492 eadem
1247 2441 1279 2492 17

187 2534 367 2599 constantia
379 2535 562 2616 animorum,
576 2555 639 2618 qua
651 2535 822 2620 praeterita
832 2534 1000 2616 tolerastis,
1011 2531 1225 2618 experiamini,

187 2637 340 2720 quioquid
364 2638 481 2704 deinde
503 2639 570 2704 fors
593 2639 716 2705 tulerit:
739 2661 791 2706 me
815 2647 900 2706 uerte
922 2639 955 2703 in
971 2645 1158 2723 perpetuum
1172 2642 1228 2701 aut

187 2741 320 2808 viatoria
342 2742 522 2810 nobilitabit
544 2751 600 2810 aut
623 2743 756 2828 egregia
778 2746 904 2830 pugna.³

647 2990 711 3043 Car.
731 2990 776 3042 IX.

137 3142 181 3214 26
295 3144 385 3210 Haeo
420 3143 546 3210 dieente
580 3145 687 3210 Dareo
721 3144 899 3228 praesentis
933 3141 1066 3228 perieuli
1103 3139 1260 3224 speeiesr

187 3248 326 3313 omnium
360 3248 453 3314 simul
487 3247 586 3313 eorda
615 3249 800 3330 animosque
831 3246 961 3313 horrore
991 3245 1226 3330 perstrinxerat,

187 3371 246 3418 nee
269 3359 324 3440 aut
347 3352 515 3418 eonsilium
538 3352 731 3438 suppetebat
754 3359 809 3416 aut
831 3372 911 3416 vox:
943 3370 1015 3414 oum
1038 3349 1226 3428 Artabazus,
1321 3375 1322 3378 ¹

186 3456 420 3522 vetustissimus
442 3455 624 3537 amieorum,
657 3476 751 3539 quem
774 3455 934 3539 hospitem
963 3454 1063 3518 fuisse
1086 3450 1228 3535 Philippi

186 3559 449 3644 supradiximus,
469 3561 550 3625 ‘Nos
565 3561 668 3641 vero’,
686 3559 795 3641 inquit,
816 3557 1091 3644 ‘pretiosissimam
1105 3561 1227 3621 vestem

186 3661 290 3728 induti
304 3663 473 3747 armisque,
491 3670 609 3746 quanto
624 3655 763 3728 maximo
780 3663 866 3727 oultu
882 3680 1060 3746 possumus,
1073 3656 1226 3737 adomati,

185 3787 296 3849 regem
311 3767 344 3831 in
359 3768 462 3833 aoiem
477 3786 656 3850 sequemur,
678 3789 717 3833 ea
733 3766 861 3850 quidem
875 3773 989 3846 mente,
1013 3773 1047 3829 ut
1062 3761 1226 3828 victoriam

186 3891 359 3956 speremus,
391 3879 525 3938 mortem
557 3892 620 3937 non
649 3872 853 3938 recusemus!
898 3869 1041 3934 Assensu
1071 3885 1260 3951 excepere2
