3040 4318
251 229 294 294 94
521 264 523 268 -
641 229 671 296 o.
690 227 798 283 cunm
816 227 903 282 auri

251 433 340 500 dedit
362 434 568 518 praemiaque
597 433 764 518 proposuit
793 433 834 498 de
864 432 980 522 virtute
1010 432 1137 498 militari
1168 422 1289 498 certan-

216 553 232 603 3
250 539 334 604 tibus
349 558 449 603 nova:
474 537 528 619 qui
543 536 707 602 fortissimi
722 536 853 602 iudicati
870 543 984 618 essent,
1002 536 1136 619 singulis
1152 537 1287 602 militurn

222 703 223 706 ,
249 642 376 706 milibus
414 640 588 726 praefuturi
626 647 723 704 erant.
771 637 967 706 Ohiliarchas
1005 641 1171 722 vocabant,
1213 647 1288 705 tunc

249 745 385 829 primum
404 745 448 830 ¹in
477 744 561 809 hunc
591 763 756 808 numerum
787 743 887 827 copiis
921 742 1119 809 distributisz’
1149 763 1288 825 namque

206 881 208 886 ·
248 855 342 913 antea
380 847 607 930 quingenariae
642 847 788 912 cohortes
822 847 958 927 fuerant,
995 867 1055 912 nec
1093 846 1287 912 fortitudinis

215 952 391 1038 rpraemia
426 958 597 1017 cesserant.
643 951 761 1032 ingens
791 951 925 1014 militnm
958 952 1051 1016 turba
1084 959 1286 1032 convenerat,

249 1057 381 1140 egregio
415 1055 606 1120 interfutura
642 1053 815 1135 certamini,
853 1054 944 1119 testis
982 1054 1096 1120 oadcm
1133 1055 1287 1137 cuiusque

249 1160 405 1225 factorum
443 1167 475 1224 et
508 1158 549 1224 de
586 1158 743 1223 iudicibus
780 1159 883 1222 latura
921 1158 1125 1222 sententiam:
1165 1159 1287 1243 quippe

248 1285 365 1330 verone
388 1284 429 1328 an
459 1263 540 1328 falso
571 1263 671 1328 honos
704 1263 817 1345 cuique
847 1261 1026 1343 haberetur,
1057 1263 1196 1345 ignorari
1223 1283 1285 1328 non

215 1376 383 1453 5poterat.
436 1368 560 1432 Primus
594 1367 733 1431 omnium
767 1367 892 1431 virtutis
930 1385 1027 1431 causa
1064 1365 1198 1431 donatus
1237 1375 1285 1433 est

248 1471 414 1538 Atharrias
448 1471 561 1551 senior,
598 1471 652 1555 qui
686 1471 838 1535 omissum
870 1469 958 1556 apud
987 1470 1233 1536 Halicarnasson
1267 1493 1287 1536 a

135 1604 137 1608 ·
248 1576 423 1640 iunioribus
445 1574 601 1659 proelium
623 1593 706 1638 unus
727 1573 865 1638 maxime
888 1572 1087 1654 accenderat,
1121 1575 1286 1659 proximus

247 1681 278 1746 ei
300 1679 476 1762 Antigenes
499 1679 595 1744 visus·
610 1685 669 1759 est,
699 1677 827 1742 tertium
850 1679 954 1742 locum
977 1677 1119 1744 Philotas
1133 1677 1286 1762 Augaeus

248 1784 391 1864 obtinuit,
430 1790 560 1866 quartus
583 1781 743 1866 Amyntae
773 1780 875 1863 datus,
914 1789 987 1866 post
1017 1779 1075 1847 hos
1106 1781 1285 1866 Antigonus

247 1896 279 1954 et
312 1889 352 1953 ab
387 1907 425 1952 eo
460 1885 635 1971 Lyncestes
669 1885 825 1969 Amyntas
859 1885 928 1966 fuit,
978 1885 1147 1970 septimum
1181 1887 1285 1952 locum

214 1992 442 2072 6Theodotus,
474 1991 619 2056 ultimum
649 1991 783 2056 obtinuit
807 1991 1002 2056 Hellanicus.
1049 1991 1086 2055 ln
1116 1990 1286 2076 disciplina

248 2115 373 2179 quoque
396 2095 543 2160 militaris
558 2095 606 2160 rei
621 2117 643 2159 a
656 2095 833 2160 maioribus
848 2096 976 2159 tradita
991 2089 1145 2180 pleraque
1161 2115 1286 2160 summa

246 2199 385 2264 utilitate
419 2199 562 2264 mutavit.
619 2199 704 2263 Nam
737 2217 810 2263 cum
848 2205 922 2262 ante
961 2198 1087 2280 equites
1125 2199 1158 2262 in
1193 2217 1285 2263 suam

245 2305 380 2386 quisque
397 2311 525 2386 gentem
541 2301 791 2368 discriberentur
806 2320 934 2367 seorsus
950 2323 970 2366 a
986 2302 1111 2382 ceteris,
1136 2307 1284 2387 exempto

245 2407 408 2472 nationum
453 2405 637 2471 discrimine
682 2404 853 2490 praefectis
891 2425 955 2469 non
999 2405 1110 2489 utique
1155 2425 1285 2470 suarum

210 2530 227 2579 7
245 2511 399 2593 gentium,
416 2512 476 2574 sed
491 2509 626 2576 delectis
641 2510 795 2575 attribuit.
827 2509 928 2590 Tube,
947 2531 1019 2574 cum
1035 2516 1140 2574 castra
1155 2530 1285 2575 movere

245 2614 351 2694 vellet,
383 2613 511 2698 signum
534 2613 642 2694 dabat,
675 2613 765 2678 cuius
795 2606 892 2678 sonus
921 2614 1108 2698 plerumque
1134 2613 1284 2678 tumultu·

226 2718 366 2782 'antium
389 2717 518 2784 fremitu
541 2716 705 2782 exoriente
729 2715 816 2782 haud
839 2717 917 2782 satis
932 2716 1181 2782 exaudiebatur:
1205 2737 1282 2801 ergo

245 2821 408 2905 perticam,
423 2842 506 2904 quae
519 2819 661 2903 undique
678 2819 822 2906 conspici
837 2827 956 2905 posset,
974 2839 1072 2906 supra
1087 2821 1283 2906 praetorium

245 2925 364 3006 statuit,
398 2945 439 2990 ex
462 2945 526 3007 qua
549 2925 675 3008 signum
704 2925 867 2990 eminebat
897 2926 1017 3009 pariter
1040 2925 1187 2990 omnibus
1211 2947 1281 2991 con·

245 3029 408 3114 spicuam:
432 3029 662 3095 observabatur
684 3029 770 3112 ignis
793 3037 897 3114 noctu,
921 3030 1028 3095 fumus
1051 3029 1198 3095 interdiu.

209 3153 226 3203 8
348 3135 479 3218 Iamque
511 3133 594 3200 Susa
624 3134 653 3200 ei
687 3134 814 3200 adituro
848 3133 1003 3216 Abulites,
1039 3131 1183 3217 regionis
1213 3129 1320 3200 cins8

243 3239 437 3324 praefectus,
471 3238 540 3304 sive
574 3239 672 3303 Darei
703 3239 804 3320 iussu,
839 3246 874 3303 ut
908 3238 1127 3304 Alexandrum
1161 3238 1283 3322 praeda

243 3343 402 3424 retineret,
439 3343 508 3408 sive
538 3363 598 3409 sua
628 3350 740 3428 sponte
770 3343 869 3408 filium
900 3343 1029 3408 obviam
1058 3343 1154 3422 misit,
1189 3343 1283 3408 tradi·

210 3454 351 3514 uturum
374 3467 409 3512 se
432 3447 544 3512 urbem
565 3447 764 3531 promittens.
811 3447 960 3530 Benigne
983 3447 1132 3512 iuvenem
1155 3447 1283 3532 excepit

243 3573 301 3616 rex
324 3557 356 3616 et
379 3551 492 3616 eodem
515 3551 597 3618 duce
619 3551 661 3615 ad
685 3550 847 3636 Choaspin
869 3571 996 3616 amnem
1018 3551 1174 3636 pervenit,
1208 3551 1283 3617 deli·

192 3673 225 3722 10
244 3663 357 3735 catam,
393 3661 427 3718 ut
457 3655 544 3720 lama
578 3661 636 3734 est,
671 3654 840 3720 vehentem
870 3675 995 3738 aquam.
1042 3654 1105 3718 Hic
1135 3653 1282 3721 Abulites

244 3780 316 3824 cum
346 3757 438 3823 donis
468 3759 587 3840 regalis
617 3759 798 3844 opulentiae
828 3760 976 3824 occurrit.
1022 3757 1203 3824 Dromades
1234 3780 1282 3824 ca

245 3865 319 3929 meli
342 3865 422 3930 inter
438 3864 522 3929 dona
545 3872 644 3946 eraut,
668 3865 848 3930 velocitatis
872 3865 1015 3947 eximiae,
1040 3874 1093 3926 XII
1117 3863 1280 3950 elephanti
