2970 4322
301 182 364 248 258
578 267 594 284 α
688 185 718 250 Q.
738 183 847 238 OURTI
865 183 952 238 RUFI
1036 247 1037 250 Ἴ

301 390 395 456 tectis
426 409 524 472 seque
553 410 592 455 ac
622 389 739 456 liberos
763 389 978 473 coniugesque
1006 388 1155 455 incendio
1186 395 1327 454 cremant

266 493 396 571 rQuod
429 513 501 559 cum
533 492 594 578 ipsi
632 499 802 578 augerent,
838 495 947 560 hostes
982 494 1220 578 extinguerent,
1256 513 1330 560 nova

301 598 403 663 forma
436 617 563 683 pugnae
598 604 682 662 erat:
722 597 872 663 delebant
912 598 1037 664 incolae
1074 599 1194 680 urbem,
1230 599 1331 664 hostes

300 701 525 768 defendebant.
551 701 642 766 Adeo
666 701 762 766 etiam
777 709 911 767 naturae
934 701 1004 767 iura
1017 703 1137 768 bellum
1160 699 1194 768 in
1218 709 1331 768 contra-

263 815 280 867 8
298 805 379 870 rium
401 811 511 870 mutat.
559 805 626 870 Arx
649 813 717 871 erat
732 805 841 891 oppidi
856 806 991 872 intacta:
1007 807 1042 873 in
1057 827 1121 890 qua
1142 806 1333 892 praesidium

299 909 477 992 dereliquit,
511 909 580 994 ipse
602 909 739 993 navigiis
756 909 983 976 circumvectus
1000 917 1048 976 est
1064 930 1177 976 arcem.
1210 910 1329 996 Quippe
1343 906 1385 975 15

297 1024 337 1076 111
359 1011 498 1094 flumina,
522 1019 591 1078 tota
620 1013 714 1078 India
747 1021 874 1099 praeter
904 1013 1038 1098 Gangen
1067 1015 1216 1096 maxima,
1242 1016 1334 1080 muni-

297 1123 406 1182 mento
440 1115 522 1182 arcis
557 1117 721 1203 applicant
754 1118 867 1182 undas.
924 1119 952 1181 A
987 1118 1204 1204 septentrione
1239 1119 1334 1184 Indus

229 1262 230 1266 =
264 1221 399 1303 calluit,
417 1243 437 1286 a
462 1220 594 1286 meridie
610 1221 762 1287 Acesines
779 1221 925 1307 Hydaspi
942 1221 1155 1288 confunditur.
1189 1222 1335 1288 (11111111

297 1325 436 1390 amnium
466 1331 575 1391 coetus
602 1322 767 1392 maritimis
798 1325 917 1390 similes
941 1324 1055 1390 fluctus
1086 1333 1202 1409 movet,
1228 1328 1335 1392 multo-

297 1449 359 1512 que
381 1450 420 1493 ac
449 1430 576 1495 turbido
606 1431 691 1509 limo,
722 1430 807 1513 quod
833 1450 985 1512 aquarum
1016 1449 1172 1495 concursu
1203 1431 1336 1497 subinde

296 1534 449 1612 turbatur,
479 1534 547 1614 iter,
580 1555 643 1617 qua
672 1541 796 1599 meatur
825 1534 971 1617 navigiis,
995 1533 1028 1598 in
1057 1539 1184 1600 tenuem
1209 1536 1336 1601 alveum

246 1649 279 1698 10
297 1638 428 1722 cogitur.
474 1636 588 1721 Itaque
625 1659 696 1704 cum
732 1637 834 1704 crebri
867 1637 980 1703 fluctus
1014 1657 1049 1703 sc
1082 1637 1272 1704 inveherent
1306 1647 1336 1704 et

296 1741 425 1808 navium
458 1742 534 1806 hinc
562 1763 684 1828 proras,
717 1743 793 1808 irinc
822 1743 924 1807 latera
956 1743 1128 1827 pulsarent,
1159 1743 1335 1810 subducere

295 1853 412 1912 nautae
432 1848 505 1912 vela
521 1853 701 1934 coeperunt.
748 1846 813 1912 Sed
829 1845 1004 1911 ministeria
1020 1867 1130 1911 eorum
1143 1847 1220 1912 hinc
1234 1855 1333 1928 aestu,

246 1961 275 2008 11
297 1949 370 2015 hinc
411 1951 603 2036 praerapida
640 1951 801 2016 celeritate
842 1949 1005 2015 fluminum
1038 1957 1241 2036 occupantur.
1298 1950 1335 2016 In

296 2054 395 2119 oculis
434 2053 572 2119 omniurn
610 2055 672 2118 duo
710 2053 829 2118 maiora
871 2055 1002 2138 navigia
1032 2075 1207 2120 summersa
1245 2063 1333 2121 sunt:

298 2159 429 2240 leviora,
467 2179 538 2223 cum
569 2165 600 2223 et
629 2159 699 2243 ipsa
729 2158 896 2240 nequirent
925 2159 1003 2242 regi,
1032 2159 1066 2222 in
1095 2159 1198 2243 ripam
1227 2163 1334 2224 tamen

295 2263 425 2326 innoxia
447 2263 581 2346 expulsa
603 2269 684 2326 sunt.
731 2263 807 2347 lpse
829 2283 885 2326 rex
907 2263 939 2326 in
959 2261 1175 2348 rapidissimos
1197 2263 1334 2330 vertices

294 2365 422 2431 incidit:
447 2366 560 2449 quibus
583 2365 699 2431 intorta
725 2366 816 2430 navis
844 2365 972 2448 obliqua
995 2371 1027 2430 et
1049 2366 1256 2449 gubernaculi
1280 2367 1335 2431 im-

244 2485 276 2534 11
294 2471 420 2555 patiens
442 2471 604 2554 agebatur.
652 2471 721 2535 Iam
744 2477 865 2536 vestem
895 2470 1078 2536 detraxerat
1105 2471 1238 2555 corpori,
1264 2492 1334 2556 prc

293 2575 433 2640 lecturus
464 2581 564 2640 semet
586 2574 619 2639 in
640 2573 765 2654 flumen,
790 2573 957 2656 amicique,
981 2581 1015 2639 ut
1046 2575 1228 2658 exciperent
1251 2596 1334 2657 eum,

294 2678 380 2743 haud
403 2679 513 2765 procul
529 2679 656 2760 nabant,
680 2677 919 2763 apparebatque
934 2698 1051 2763 anceps
1074 2677 1249 2763 periculum
1268 2687 1335 2744 tam

243 2797 274 2846 13
293 2784 431 2848 nataturi
477 2804 571 2866 quam
608 2783 758 2866 navigare
795 2782 1050 2868 perseverantis:
1096 2803 1172 2866 ergo
1193 2782 1334 2866 ¹ingenti

294 2887 465 2953 certamine
488 2887 648 2952 concitant
670 2905 783 2967 remos,
800 2891 981 2969 quantaque
1004 2885 1053 2952 111
1075 2883 1213 2950 humana
1238 2884 1334 2975 lesse]

292 2998 418 3076 poterat
441 2991 569 3056 admota
593 2997 650 3072 est,
675 2997 710 3055 ut
732 2989 856 3072 fluctus,
880 2989 934 3073 qui
960 3009 996 3054 11
1018 2989 1221 3070 invehebant,
1247 3011 1335 3056 ever-

244 3109 277 3157 14
294 3096 487 3160 berarentur.
545 3094 640 3159 Findi
675 3094 823 3160 crederes
864 3093 967 3158 undas
1001 3100 1033 3158 et
1064 3099 1149 3158 retro
1187 3094 1334 3177 gurgites

294 3201 415 3265 cedere.
465 3199 587 3276 Quibus
613 3198 743 3263 tandem
766 3198 857 3264 navis
888 3205 997 3282 erepta
1019 3219 1082 3262 non
1112 3204 1218 3262 tamen
1242 3198 1334 3284 ripae

293 3304 479 3388 applicatur,
514 3303 571 3368 sed
605 3302 638 3366 in
681 3303 860 3388 proximum
892 3302 1010 3367 vadum
1043 3300 1182 3366 illiditur.
1253 3302 1334 3367 (lum

293 3408 377 3472 amni
402 3408 527 3474 'bellum
557 3407 656 3472 fuisse
687 3407 841 3473 crederes.
896 3408 981 3490 Ergo
1015 3405 1078 3470 aris
1108 3426 1165 3490 pro
1199 3425 1332 3471 numero

292 3509 454 3576 fluminum
470 3511 581 3596 positis
604 3510 822 3594 sacrificioque
838 3510 922 3575 facto
947 3521 1023 3572 xxx
1047 3508 1151 3576 stadia
1165 3511 1330 3594 processit.

242 3637 273 3687 15
377 3615 456 3680 Inde
485 3620 615 3680 ventum
645 3622 693 3680 est
722 3615 755 3679 in
784 3613 947 3697 regionem
974 3612 1189 3680 Sudracarum
1218 3612 1382 3682 Mallo-16

292 3739 432 3801 rumque,
456 3739 544 3801 quos,
558 3718 638 3782 alias
661 3718 781 3783 bellare
800 3718 882 3782 inter
905 3737 939 3782 se
962 3717 1083 3798 solitos,
1095 3724 1172 3780 tunc
1194 3717 1327 3802 periculi

292 3822 428 3888 societas
457 3822 613 3886 iunxerat.
666 3821 848 3905 Nonaginta
878 3821 965 3884 milia
998 3819 1155 3885 iuniorum
1184 3819 1328 3906 peditum
