3040 4318
453 243 704 299 HISTORIARUM
722 242 936 300 ALEXANDRI
954 244 978 298 V
999 246 1039 296 13.
1202 239 1259 306 12]

226 449 319 515 cebet
349 456 405 516 aut
434 471 543 536 pavor,
580 449 791 536 dissipantur:
827 451 1000 516 'Dtantum
1036 448 1158 533 equites
1193 467 1265 516 eou-

212 563 440 638 vgregaverant
462 576 506 638 se,
530 557 643 622 incerti
675 557 791 638 adhue,
815 552 965 622 resistere
986 555 1100 620 melius
1122 560 1208 619 esset
1222 573 1265 617 an

225 658 348 743 fugere.
393 660 577 726 Alexander
606 660 747 726 hostium
779 654 993 745 trepidatione
1015 665 1179 744 comperta
1208 656 1315 721 tvi-19

226 783 374 830 canorem
411 786 484 831 cum
522 765 663 849 equitum
698 769 791 851 parte
828 764 871 830 ad
907 763 1114 830 inhibendam
1152 762 1265 845 fugam

226 867 347 952 emittit,
388 869 459 956 ipse
490 889 563 936 oum
593 870 707 936 ceteris
737 869 887 953 sequitur.
933 868 1009 933 Tria
1042 867 1143 933 ferme
1177 865 1265 932 milia

224 972 405 1040 resistentia
428 975 536 1041 occisa
557 982 639 1057 sunt,
671 975 826 1058 reliquum
856 993 973 1057 agmen
995 971 1154 1058 pecudum
1176 989 1264 1036 more

224 1075 379 1144 intactum
408 1079 575 1162 agebatur,
605 1080 735 1146 iubente
765 1099 851 1163 rege,
887 1086 922 1144 ut
944 1077 1096 1144 caedibus
1127 1075 1265 1142 abstine·

224 1189 318 1247 retur.
371 1184 474 1249 Nemo
512 1185 710 1270 captivorum
747 1192 823 1265 erat,
864 1183 917 1267 qui
955 1189 1131 1248 monstrare
1164 1179 1263 1246 Darei
1281 1185 1316 1235 20

225 1285 410 1354 vehiculum
446 1296 572 1374 posset:
618 1289 754 1372 singula,
800 1297 835 1355 ut
873 1307 1017 1371 quaeque
1061 1285 1262 1371 prenderent,

227 1392 460 1475 scrutabantur,
492 1415 553 1460 nec
581 1402 689 1460 tamen
718 1395 820 1460 ullum
848 1393 1020 1476 vestigium
1046 1391 1145 1474 fugae
1175 1389 1264 1473 regis

224 1495 363 1561 extabat.
403 1497 624 1565 Festinantem
640 1498 858 1564 Alexandrum
881 1497 935 1562 vix
956 1506 997 1560 ΠΙ
1020 1495 1109 1560 milia
1123 1495 1264 1577 equitum
1282 1505 1314 1556 21

209 1608 392 1681 persecuta
425 1609 507 1668 sunt.
560 1604 603 1668 At
636 1603 668 1668 in
702 1622 766 1684 eos,
803 1602 857 1685 qui
890 1601 1006 1666 lentius
1040 1599 1262 1682 sequebantur,

224 1701 408 1771 incidebant
434 1707 584 1773 universa
613 1707 806 1791 fugientium
837 1706 977 1789 agmina
1025 1705 1089 1770 Vix
1111 1703 1263 1769 credibile
1282 1713 1316 1763 22

224 1806 341 1894 dictu}
351 1809 459 1894 plures
491 1812 612 1897 captivi
644 1832 738 1895 quam
771 1811 826 1894 qui
855 1815 1007 1895 caperent
1040 1815 1147 1873 erant:
1181 1805 1263 1872 adeo

211 1927 348 1976 vomnem
378 1935 506 1981 sensum
535 1916 655 1982 territis
685 1916 814 1981 fortuna
844 1914 970 2000 penitus
1001 1919 1193 1992 excusserat,
1228 1918 1264 1976 ut

223 2032 283 2080 nec
316 2017 456 2084 hostium
488 2020 682 2105 paucitatem
712 2040 772 2085 nce
800 2018 1033 2084 multitudinem
1064 2037 1155 2082 suam
1185 2015 1263 2081 satis

225 2130 400 2189 comerent.

172 2219 217 2292 38
331 2227 461 2293 Interim
494 2228 641 2310 iumenta,
677 2249 761 2312 quae
794 2229 936 2293 Dareum
968 2225 1137 2306 vehebant,
1176 2224 1263 2290 nullo
1281 2232 1316 2284 23

225 2338 360 2414 regente
390 2332 594 2418 decesserant
623 2332 753 2398 militari
771 2332 825 2398 via
855 2338 897 2413 et,
928 2349 1035 2396 errore
1065 2328 1173 2394 delata
1205 2349 1264 2414 per

225 2441 374 2518 quattuor
396 2437 511 2519 stadia,
548 2437 582 2503 in
620 2437 758 2520 quadam
795 2436 881 2502 valle
919 2434 1132 2514 constiterant,
1171 2440 1263 2498 aestu

224 2540 382 2623 simulque
407 2541 593 2607 vulneribus
623 2541 769 2624 fatigata.
816 2540 912 2606 Haud
941 2539 1052 2624 procul
1082 2546 1150 2604 erat
1179 2539 1261 2620 fons,
1281 2543 1315 2595 24

224 2642 266 2708 ad
290 2665 383 2727 quem
405 2653 615 2711 monstratum
645 2667 665 2710 a
694 2645 805 2731 peritis
829 2645 1031 2728 Polystratus
1055 2641 1189 2708 Macedo
1211 2643 1264 2708 siti

224 2755 401 2815 maceratus
424 2750 579 2816 accessit:
610 2771 649 2815 ac
673 2749 747 2814 dum
771 2749 867 2833 galea
889 2749 1038 2813 haustam
1061 2767 1176 2830 aquam
1200 2767 1264 2813 sor·

224 2852 286 2934 bet,
331 2853 397 2920 tela
437 2854 648 2920 iumentorum
690 2853 906 2920 deficientium
944 2851 1128 2937 corporibus
1166 2851 1264 2917 infixa

225 2959 400 3042 conspexit.
456 2959 659 3042 Miratusque,
696 2959 846 3024 confossa
878 2955 983 3041 potius
1019 2976 1114 3039 quam
1148 2956 1263 3022 abacta
1281 2961 1314 3011 25

223 3081 303 3143 esse,
324 3061 469 3128 semivivi
492 3063 636 3128 hominia
654 3065 807 3150 pensitam
823 3062 975 3148 percipit.
1028 3061 1153 3146 Itaque,
1177 3082 1263 3124 mone

216 3165 348 3252 ‘inponit‘
369 3167 509 3231 hamoni
532 3168 670 3253 cupidus
692 3167 827 3248 visendi,
858 3166 938 3252 qnid
967 3165 1017 3229 nei
1038 3163 1182 3229 vehiculo
1204 3165 1263 3228 isto

224 3270 421 3353 conderetur,
430 3271 560 3335 dimotis
565 3271 716 3356 pellibus,
729 3271 846 3356 quibus
857 3271 1008 3334 obtectum
1021 3279 1100 3350 enat,
1113 3269 1262 3332 Dareum

224 3374 336 3438 multis
346 3375 531 3439 melnenibne
546 3375 725 3461 confossam
740 3375 887 3460 repperit.
923 3374 1044 3460 Repine
1058 3373 1144 3438 enim
1161 3373 1264 3436 cultus

213 3466 253 3542 ¹et
268 3501 388 3543 aureae
404 3489 547 3562 catenae,
567 3480 640 3565 qnia
656 3503 677 3542 a
690 3479 875 3565 parricidis
889 3477 1152 3563 vinctnefuenat,
1168 3477 1262 3541 dabi-

213 3584 378 3647 'tationem
401 3583 595 3648 estimabant.
641 3585 716 3647 Non
738 3593 809 3647 enat
834 3605 944 3668 eripe-rs
966 3581 1089 3647 Graeci
1110 3581 1264 3646 sermonis

224 3686 360 3752 Danens
377 3689 568 3774 quotiesque
584 3688 700 3774 epehat
715 3688 776 3768 ciis,
801 3688 859 3773 qni
873 3697 946 3774 post
961 3696 1055 3751 tanta
1071 3685 1162 3750 mein
1178 3696 1261 3748 tent-

225 3813 285 3882 qne
305 3793 427 3878 previa
449 3792 506 3856 hoe
529 3801 637 3856 tamen
660 3789 866 3855 indulsissent
881 3790 1007 3873 solacii,
1030 3813 1068 3854 ne
1084 3790 1212 3854 omnino
1227 3790 1264 3852 in

225 3893 397 3960 solitudine
413 3905 589 3960 entremnm
605 3895 758 3981 spiritum
774 3893 956 3980 affunderet.
991 3893 1117 3979 ‘Itaque
1141 3894 1195 3974 te’‚
1212 3893 1261 3956 in-
