<?xml version="1.0" encoding="UTF-8"?>
<!DOCTYPE html PUBLIC "-//W3C//DTD XHTML 1.0 Transitional//EN"
    "http://www.w3.org/TR/xhtml1/DTD/xhtml1-transitional.dtd">
<html xmlns="http://www.w3.org/1999/xhtml" xml:lang="en" lang="en">
 <head>
  <title>
</title>
<meta http-equiv="Content-Type" content="text/html;charset=utf-8" />
  <meta name='ocr-system' content='tesseract 3.04.00' />
  <meta name='ocr-capabilities' content='ocr_page ocr_carea ocr_par ocr_line ocrx_word'/>
</head>
<body>
  <div class='ocr_page' id='page_1' title='image "./qcurtirufihisto00stangoog_0338.png"; bbox 0 0 2970 4322; ppageno 0'>
   <div class='ocr_carea' id='block_1_1' title="bbox 396 211 1203 274">
    <p class='ocr_par' dir='ltr' id='par_1_1' title="bbox 396 211 1203 274">
     <span class='ocr_line' id='line_1_1' title="bbox 396 211 1203 274; baseline 0.011 -10"><span class='ocrx_word' id='word_1_1' title='bbox 396 212 648 266; x_wconf 78' lang='lat' dir='ltr'>PMSTORIARUM</span> <span class='ocrx_word' id='word_1_2' title='bbox 666 211 882 265; x_wconf 85' lang='lat' dir='ltr'><strong>ALEXANDRI</strong></span> <span class='ocrx_word' id='word_1_3' title='bbox 901 212 926 263; x_wconf 89' lang='lat' dir='ltr'>X</span> <span class='ocrx_word' id='word_1_4' title='bbox 944 214 967 262; x_wconf 85' lang='lat'>7.</span> <span class='ocrx_word' id='word_1_5' title='bbox 1139 211 1203 274; x_wconf 73' lang='lat'>305</span> 
     </span>
    </p>
   </div>
   <div class='ocr_carea' id='block_1_2' title="bbox 113 415 1256 3942">
    <p class='ocr_par' dir='ltr' id='par_1_2' title="bbox 113 415 1256 3942">
     <span class='ocr_line' id='line_1_2' title="bbox 163 415 1203 502; baseline -0.004 -20"><span class='ocrx_word' id='word_1_6' title='bbox 163 418 313 502; x_wconf 91' lang='lat' dir='ltr'>supplicii</span> <span class='ocrx_word' id='word_1_7' title='bbox 328 419 456 484; x_wconf 87' lang='lat' dir='ltr'>territus</span> <span class='ocrx_word' id='word_1_8' title='bbox 473 439 544 483; x_wconf 91' lang='lat' dir='ltr'>cum</span> <span class='ocrx_word' id='word_1_9' title='bbox 561 419 627 484; x_wconf 90' lang='lat' dir='ltr'>suis</span> <span class='ocrx_word' id='word_1_10' title='bbox 647 425 822 484; x_wconf 86' lang='lat' dir='ltr'>secesserat</span> <span class='ocrx_word' id='word_1_11' title='bbox 838 455 879 465; x_wconf 39' lang='grc' dir='ltr'>-μ</span> <span class='ocrx_word' id='word_1_12' title='bbox 895 436 1004 482; x_wconf 87' lang='lat' dir='ltr'>rursus</span> <span class='ocrx_word' id='word_1_13' title='bbox 1019 415 1203 499; x_wconf 90' lang='lat' dir='ltr'>Philippum</span> 
     </span>
     <span class='ocr_line' id='line_1_3' title="bbox 162 519 1204 608; baseline -0.004 -22"><span class='ocrx_word' id='word_1_14' title='bbox 162 523 293 588; x_wconf 89' lang='lat' dir='ltr'>trahens</span> <span class='ocrx_word' id='word_1_15' title='bbox 323 536 429 588; x_wconf 87' lang='lat' dir='ltr'>secum</span> <span class='ocrx_word' id='word_1_16' title='bbox 457 525 569 608; x_wconf 83' lang='lat' dir='ltr'>irrupit</span> <span class='ocrx_word' id='word_1_17' title='bbox 590 523 720 606; x_wconf 88' lang='lat' dir='ltr'>regiam,</span> <span class='ocrx_word' id='word_1_18' title='bbox 753 523 920 588; x_wconf 83' lang='lat' dir='ltr'>clamitans</span> <span class='ocrx_word' id='word_1_19' title='bbox 943 521 1110 602; x_wconf 88' lang='lat' dir='ltr'>suffragari</span> <span class='ocrx_word' id='word_1_20' title='bbox 1134 519 1204 603; x_wconf 90' lang='lat' dir='ltr'>spei</span> 
     </span>
     <span class='ocr_line' id='line_1_4' title="bbox 163 625 1203 712; baseline -0.003 -22"><span class='ocrx_word' id='word_1_21' title='bbox 163 627 311 711; x_wconf 87' lang='lat' dir='ltr'>publicae</span> <span class='ocrx_word' id='word_1_22' title='bbox 334 627 374 693; x_wconf 93' lang='lat' dir='ltr'>de</span> <span class='ocrx_word' id='word_1_23' title='bbox 397 649 481 692; x_wconf 91' lang='lat' dir='ltr'>novo</span> <span class='ocrx_word' id='word_1_24' title='bbox 496 648 573 711; x_wconf 90' lang='lat' dir='ltr'>rege</span> <span class='ocrx_word' id='word_1_25' title='bbox 596 628 692 712; x_wconf 93' lang='lat' dir='ltr'>paulo</span> <span class='ocrx_word' id='word_1_26' title='bbox 715 635 789 691; x_wconf 91' lang='lat' dir='ltr'>ante</span> <span class='ocrx_word' id='word_1_27' title='bbox 812 633 986 711; x_wconf 75' lang='lat' dir='ltr'>conceptae</span> <span class='ocrx_word' id='word_1_28' title='bbox 1001 625 1098 689; x_wconf 91' lang='lat' dir='ltr'>robur</span> <span class='ocrx_word' id='word_1_29' title='bbox 1120 630 1203 688; x_wconf 90' lang='lat' dir='ltr'>aeta-</span> 
     </span>
     <span class='ocr_line' id='line_1_5' title="bbox 162 729 1204 816; baseline -0.004 -22"><span class='ocrx_word' id='word_1_30' title='bbox 162 731 221 794; x_wconf 90' lang='lat' dir='ltr'>tis:</span> <span class='ocrx_word' id='word_1_31' title='bbox 257 733 474 816; x_wconf 81' lang='lat' dir='ltr'>experirentur</span> <span class='ocrx_word' id='word_1_32' title='bbox 508 732 603 796; x_wconf 93' lang='lat' dir='ltr'>modo</span> <span class='ocrx_word' id='word_1_33' title='bbox 637 731 768 815; x_wconf 81' lang='lat' dir='ltr'>stirpem</span> <span class='ocrx_word' id='word_1_34' title='bbox 798 729 939 815; x_wconf 90' lang='lat' dir='ltr'>Philippi</span> <span class='ocrx_word' id='word_1_35' title='bbox 970 737 1003 794; x_wconf 86' lang='lat' dir='ltr'>et</span> <span class='ocrx_word' id='word_1_36' title='bbox 1033 729 1132 794; x_wconf 91' lang='lat' dir='ltr'>filium</span> <span class='ocrx_word' id='word_1_37' title='bbox 1166 748 1204 791; x_wconf 90' lang='lat' dir='ltr'>ac</span> 
     </span>
     <span class='ocr_line' id='line_1_6' title="bbox 162 831 1203 924; baseline -0.005 -24"><span class='ocrx_word' id='word_1_38' title='bbox 162 837 294 900; x_wconf 81' lang='lat' dir='ltr'>fratrem</span> <span class='ocrx_word' id='word_1_39' title='bbox 316 856 428 918; x_wconf 89' lang='lat' dir='ltr'>regum</span> <span class='ocrx_word' id='word_1_40' title='bbox 452 835 600 900; x_wconf 91' lang='lat' dir='ltr'>duorum:</span> <span class='ocrx_word' id='word_1_41' title='bbox 625 835 751 900; x_wconf 88' lang='lat' dir='ltr'>sibimet</span> <span class='ocrx_word' id='word_1_42' title='bbox 773 834 850 924; x_wconf 88' lang='lat' dir='ltr'>ipsis</span> <span class='ocrx_word' id='word_1_43' title='bbox 874 833 1074 918; x_wconf 86' lang='lat' dir='ltr'>potissimum</span> <span class='ocrx_word' id='word_1_44' title='bbox 1097 831 1203 897; x_wconf 89' lang='lat' dir='ltr'>crede·</span> 
     </span>
     <span class='ocr_line' id='line_1_7' title="bbox 162 938 1254 1024; baseline -0.005 -20"><span class='ocrx_word' id='word_1_45' title='bbox 162 947 245 1004; x_wconf 92' lang='lat' dir='ltr'>rent.</span> <span class='ocrx_word' id='word_1_46' title='bbox 290 941 423 1005; x_wconf 90' lang='lat' dir='ltr'>Nullum</span> <span class='ocrx_word' id='word_1_47' title='bbox 448 939 642 1024; x_wconf 91' lang='lat' dir='ltr'>profundum</span> <span class='ocrx_word' id='word_1_48' title='bbox 671 961 766 1020; x_wconf 90' lang='lat' dir='ltr'>mare,</span> <span class='ocrx_word' id='word_1_49' title='bbox 791 940 913 1003; x_wconf 92' lang='lat' dir='ltr'>nullum</span> <span class='ocrx_word' id='word_1_50' title='bbox 936 945 1061 1003; x_wconf 87' lang='lat' dir='ltr'>vastum</span> <span class='ocrx_word' id='word_1_51' title='bbox 1088 938 1204 1002; x_wconf 87' lang='lat' dir='ltr'>fretum</span> <span class='ocrx_word' id='word_1_52' title='bbox 1224 949 1254 1000; x_wconf 95' lang='grc'>11</span> 
     </span>
     <span class='ocr_line' id='line_1_8' title="bbox 163 1041 1203 1128; baseline -0.004 -19"><span class='ocrx_word' id='word_1_53' title='bbox 163 1051 196 1109; x_wconf 94' lang='lat' dir='ltr'>et</span> <span class='ocrx_word' id='word_1_54' title='bbox 230 1045 440 1128; x_wconf 88' lang='lat' dir='ltr'>procellosum</span> <span class='ocrx_word' id='word_1_55' title='bbox 474 1050 579 1108; x_wconf 90' lang='lat' dir='ltr'>tantos</span> <span class='ocrx_word' id='word_1_56' title='bbox 610 1043 672 1108; x_wconf 91' lang='lat' dir='ltr'>ciet</span> <span class='ocrx_word' id='word_1_57' title='bbox 705 1043 828 1122; x_wconf 87' lang='lat' dir='ltr'>fluctus,</span> <span class='ocrx_word' id='word_1_58' title='bbox 861 1050 996 1125; x_wconf 88' lang='lat' dir='ltr'>quantos</span> <span class='ocrx_word' id='word_1_59' title='bbox 1033 1041 1203 1106; x_wconf 89' lang='lat' dir='ltr'>multitudo</span> 
     </span>
     <span class='ocr_line' id='line_1_9' title="bbox 162 1147 1203 1229; baseline -0.003 -17"><span class='ocrx_word' id='word_1_60' title='bbox 162 1156 267 1213; x_wconf 89' lang='lat' dir='ltr'>motus</span> <span class='ocrx_word' id='word_1_61' title='bbox 290 1148 395 1227; x_wconf 86' lang='lat' dir='ltr'>habet,</span> <span class='ocrx_word' id='word_1_62' title='bbox 420 1148 530 1229; x_wconf 86' lang='lat' dir='ltr'>utique</span> <span class='ocrx_word' id='word_1_63' title='bbox 554 1149 579 1212; x_wconf 91' lang='lat' dir='ltr'>si</span> <span class='ocrx_word' id='word_1_64' title='bbox 604 1169 688 1212; x_wconf 89' lang='lat' dir='ltr'>nova</span> <span class='ocrx_word' id='word_1_65' title='bbox 711 1154 743 1213; x_wconf 91' lang='lat' dir='ltr'>et</span> <span class='ocrx_word' id='word_1_66' title='bbox 766 1148 854 1212; x_wconf 89' lang='lat' dir='ltr'>brevi</span> <span class='ocrx_word' id='word_1_67' title='bbox 882 1148 1032 1212; x_wconf 87' lang='lat' dir='ltr'>duratura</span> <span class='ocrx_word' id='word_1_68' title='bbox 1054 1147 1203 1212; x_wconf 90' lang='lat' dir='ltr'>libertate</span> 
     </span>
     <span class='ocr_line' id='line_1_10' title="bbox 162 1251 1255 1336; baseline -0.002 -22"><span class='ocrx_word' id='word_1_69' title='bbox 162 1253 309 1316; x_wconf 88' lang='lat' dir='ltr'>luxuriat.</span> <span class='ocrx_word' id='word_1_70' title='bbox 347 1251 444 1316; x_wconf 90' lang='lat' dir='ltr'>Pauci</span> <span class='ocrx_word' id='word_1_71' title='bbox 467 1253 641 1316; x_wconf 89' lang='lat' dir='ltr'>Perdiccae</span> <span class='ocrx_word' id='word_1_72' title='bbox 663 1251 757 1317; x_wconf 94' lang='lat' dir='ltr'>modo</span> <span class='ocrx_word' id='word_1_73' title='bbox 780 1253 890 1332; x_wconf 89' lang='lat' dir='ltr'>electo,</span> <span class='ocrx_word' id='word_1_74' title='bbox 915 1253 1021 1336; x_wconf 90' lang='lat' dir='ltr'>plures</span> <span class='ocrx_word' id='word_1_75' title='bbox 1045 1251 1202 1335; x_wconf 90' lang='lat' dir='ltr'>Philippo,</span> <span class='ocrx_word' id='word_1_76' title='bbox 1223 1261 1255 1313; x_wconf 89' lang='lat'>12</span> 
     </span>
     <span class='ocr_line' id='line_1_11' title="bbox 163 1355 1205 1440; baseline -0.002 -20"><span class='ocrx_word' id='word_1_77' title='bbox 163 1377 258 1438; x_wconf 93' lang='lat' dir='ltr'>quem</span> <span class='ocrx_word' id='word_1_78' title='bbox 281 1362 475 1440; x_wconf 88' lang='lat' dir='ltr'>spreverant,</span> <span class='ocrx_word' id='word_1_79' title='bbox 499 1355 666 1439; x_wconf 90' lang='lat' dir='ltr'>imperium</span> <span class='ocrx_word' id='word_1_80' title='bbox 690 1355 817 1421; x_wconf 88' lang='lat' dir='ltr'>dabant.</span> <span class='ocrx_word' id='word_1_81' title='bbox 842 1357 911 1420; x_wconf 90' lang='lat' dir='ltr'>Nec</span> <span class='ocrx_word' id='word_1_82' title='bbox 933 1356 1016 1421; x_wconf 89' lang='lat' dir='ltr'>velle</span> <span class='ocrx_word' id='word_1_83' title='bbox 1039 1376 1098 1420; x_wconf 92' lang='lat' dir='ltr'>nec</span> <span class='ocrx_word' id='word_1_84' title='bbox 1120 1355 1205 1420; x_wconf 90' lang='lat' dir='ltr'>nolle</span> 
     </span>
     <span class='ocr_line' id='line_1_12' title="bbox 163 1457 1203 1544; baseline -0.002 -21"><span class='ocrx_word' id='word_1_85' title='bbox 163 1461 336 1542; x_wconf 90' lang='lat' dir='ltr'>quicquam</span> <span class='ocrx_word' id='word_1_86' title='bbox 370 1458 425 1523; x_wconf 93' lang='lat' dir='ltr'>diu</span> <span class='ocrx_word' id='word_1_87' title='bbox 460 1467 615 1542; x_wconf 89' lang='lat' dir='ltr'>poterant,</span> <span class='ocrx_word' id='word_1_88' title='bbox 654 1460 901 1544; x_wconf 83' lang='lat' dir='ltr'>paenitebatque</span> <span class='ocrx_word' id='word_1_89' title='bbox 935 1459 1030 1524; x_wconf 91' lang='lat' dir='ltr'>modo</span> <span class='ocrx_word' id='word_1_90' title='bbox 1068 1457 1203 1538; x_wconf 90' lang='lat' dir='ltr'>consilii,</span> 
     </span>
     <span class='ocr_line' id='line_1_13' title="bbox 163 1563 1203 1648; baseline -0.002 -20"><span class='ocrx_word' id='word_1_91' title='bbox 163 1563 259 1628; x_wconf 91' lang='lat' dir='ltr'>modo</span> <span class='ocrx_word' id='word_1_92' title='bbox 283 1563 498 1648; x_wconf 88' lang='lat' dir='ltr'>paenitentiae</span> <span class='ocrx_word' id='word_1_93' title='bbox 521 1563 630 1647; x_wconf 86' lang='lat' dir='ltr'>ipsius.</span> <span class='ocrx_word' id='word_1_94' title='bbox 655 1563 706 1627; x_wconf 83' lang='lat' dir='ltr'>Ad</span> <span class='ocrx_word' id='word_1_95' title='bbox 728 1565 874 1628; x_wconf 92' lang='lat' dir='ltr'>ultimum</span> <span class='ocrx_word' id='word_1_96' title='bbox 896 1571 1002 1628; x_wconf 90' lang='lat' dir='ltr'>tamen</span> <span class='ocrx_word' id='word_1_97' title='bbox 1024 1565 1057 1627; x_wconf 92' lang='lat' dir='ltr'>in</span> <span class='ocrx_word' id='word_1_98' title='bbox 1073 1564 1203 1648; x_wconf 81' lang='lat' dir='ltr'>stirpem</span> 
     </span>
     <span class='ocr_line' id='line_1_14' title="bbox 163 1667 1255 1750; baseline -0.004 -19"><span class='ocrx_word' id='word_1_99' title='bbox 163 1669 284 1750; x_wconf 92' lang='lat' dir='ltr'>regiam</span> <span class='ocrx_word' id='word_1_100' title='bbox 313 1668 507 1732; x_wconf 80' lang='lat' dir='ltr'>inclinavere</span> <span class='ocrx_word' id='word_1_101' title='bbox 546 1667 667 1733; x_wconf 89' lang='lat' dir='ltr'>studiis.</span> <span class='ocrx_word' id='word_1_102' title='bbox 715 1669 862 1734; x_wconf 78' lang='lat' dir='ltr'>Cesserat</span> <span class='ocrx_word' id='word_1_103' title='bbox 892 1690 932 1734; x_wconf 92' lang='lat' dir='ltr'>ex</span> <span class='ocrx_word' id='word_1_104' title='bbox 970 1667 1117 1733; x_wconf 91' lang='lat' dir='ltr'>contione</span> <span class='ocrx_word' id='word_1_105' title='bbox 1148 1669 1203 1732; x_wconf 85' lang='lat' dir='ltr'>Ar·</span> <span class='ocrx_word' id='word_1_106' title='bbox 1223 1678 1255 1728; x_wconf 83' lang='lat'>13</span> 
     </span>
     <span class='ocr_line' id='line_1_15' title="bbox 163 1772 1204 1857; baseline 0 -21"><span class='ocrx_word' id='word_1_107' title='bbox 163 1772 324 1853; x_wconf 89' lang='lat' dir='ltr'>rhidaeus,</span> <span class='ocrx_word' id='word_1_108' title='bbox 348 1772 527 1857; x_wconf 91' lang='lat' dir='ltr'>principum</span> <span class='ocrx_word' id='word_1_109' title='bbox 554 1772 741 1838; x_wconf 89' lang='lat' dir='ltr'>auctoritate</span> <span class='ocrx_word' id='word_1_110' title='bbox 776 1773 974 1854; x_wconf 85' lang='lat' dir='ltr'>conterritus,</span> <span class='ocrx_word' id='word_1_111' title='bbox 1006 1781 1038 1838; x_wconf 89' lang='lat' dir='ltr'>et</span> <span class='ocrx_word' id='word_1_112' title='bbox 1067 1775 1204 1838; x_wconf 89' lang='lat' dir='ltr'>abeunte</span> 
     </span>
     <span class='ocr_line' id='line_1_16' title="bbox 162 1877 1201 1959; baseline 0.003 -20"><span class='ocrx_word' id='word_1_113' title='bbox 162 1877 219 1940; x_wconf 93' lang='lat' dir='ltr'>illo</span> <span class='ocrx_word' id='word_1_114' title='bbox 243 1877 438 1942; x_wconf 86' lang='lat' dir='ltr'>conticuerat</span> <span class='ocrx_word' id='word_1_115' title='bbox 468 1877 570 1959; x_wconf 82' lang='lat' dir='ltr'>magis</span> <span class='ocrx_word' id='word_1_116' title='bbox 600 1897 693 1958; x_wconf 91' lang='lat' dir='ltr'>quam</span> <span class='ocrx_word' id='word_1_117' title='bbox 725 1877 909 1958; x_wconf 82' lang='lat' dir='ltr'>elanguerat</span> <span class='ocrx_word' id='word_1_118' title='bbox 936 1877 1079 1941; x_wconf 91' lang='lat' dir='ltr'>militaris</span> <span class='ocrx_word' id='word_1_119' title='bbox 1103 1878 1201 1942; x_wconf 87' lang='lat' dir='ltr'>favor.</span> 
     </span>
     <span class='ocr_line' id='line_1_17' title="bbox 163 1980 1203 2066; baseline 0 -22"><span class='ocrx_word' id='word_1_120' title='bbox 163 1982 276 2062; x_wconf 89' lang='lat' dir='ltr'>Itaque</span> <span class='ocrx_word' id='word_1_121' title='bbox 306 1987 473 2044; x_wconf 90' lang='lat' dir='ltr'>revocatus</span> <span class='ocrx_word' id='word_1_122' title='bbox 511 1987 633 2046; x_wconf 89' lang='lat' dir='ltr'>vestem</span> <span class='ocrx_word' id='word_1_123' title='bbox 666 1980 772 2044; x_wconf 81' lang='lat' dir='ltr'>fratris</span> <span class='ocrx_word' id='word_1_124' title='bbox 810 2001 880 2044; x_wconf 90' lang='lat' dir='ltr'>cam</span> <span class='ocrx_word' id='word_1_125' title='bbox 914 1981 1026 2066; x_wconf 89' lang='lat' dir='ltr'>ipsam,</span> <span class='ocrx_word' id='word_1_126' title='bbox 1057 2002 1138 2063; x_wconf 91' lang='lat' dir='ltr'>quae</span> <span class='ocrx_word' id='word_1_127' title='bbox 1171 1983 1203 2045; x_wconf 91' lang='lat' dir='ltr'>in</span> 
     </span>
     <span class='ocr_line' id='line_1_18' title="bbox 164 2081 1256 2171; baseline 0.003 -21"><span class='ocrx_word' id='word_1_128' title='bbox 164 2085 245 2150; x_wconf 91' lang='lat' dir='ltr'>sella</span> <span class='ocrx_word' id='word_1_129' title='bbox 259 2083 366 2168; x_wconf 89' lang='lat' dir='ltr'>posita</span> <span class='ocrx_word' id='word_1_130' title='bbox 380 2084 493 2164; x_wconf 86' lang='lat' dir='ltr'>fuerat,</span> <span class='ocrx_word' id='word_1_131' title='bbox 516 2081 666 2149; x_wconf 91' lang='lat' dir='ltr'>induitur.</span> <span class='ocrx_word' id='word_1_132' title='bbox 692 2086 732 2148; x_wconf 82' lang='lat' dir='ltr'>Et</span> <span class='ocrx_word' id='word_1_133' title='bbox 748 2084 909 2168; x_wconf 83' lang='lat' dir='ltr'>Meleager</span> <span class='ocrx_word' id='word_1_134' title='bbox 924 2085 1055 2150; x_wconf 88' lang='lat' dir='ltr'>thorace</span> <span class='ocrx_word' id='word_1_135' title='bbox 1078 2093 1202 2171; x_wconf 88' lang='lat' dir='ltr'>sumpto</span> <span class='ocrx_word' id='word_1_136' title='bbox 1223 2103 1256 2154; x_wconf 89' lang='lat'>14</span> 
     </span>
     <span class='ocr_line' id='line_1_19' title="bbox 164 2188 1203 2274; baseline 0.001 -20"><span class='ocrx_word' id='word_1_137' title='bbox 164 2189 250 2274; x_wconf 91' lang='lat' dir='ltr'>capit</span> <span class='ocrx_word' id='word_1_138' title='bbox 271 2209 367 2268; x_wconf 85' lang='lat' dir='ltr'>arma,</span> <span class='ocrx_word' id='word_1_139' title='bbox 391 2188 465 2252; x_wconf 92' lang='lat' dir='ltr'>novi</span> <span class='ocrx_word' id='word_1_140' title='bbox 488 2189 573 2270; x_wconf 88' lang='lat' dir='ltr'>regis</span> <span class='ocrx_word' id='word_1_141' title='bbox 597 2190 735 2254; x_wconf 89' lang='lat' dir='ltr'>satelles.</span> <span class='ocrx_word' id='word_1_142' title='bbox 768 2189 918 2272; x_wconf 83' lang='lat' dir='ltr'>Sequitur</span> <span class='ocrx_word' id='word_1_143' title='bbox 939 2191 1080 2274; x_wconf 88' lang='lat' dir='ltr'>phalanx</span> <span class='ocrx_word' id='word_1_144' title='bbox 1103 2191 1203 2256; x_wconf 89' lang='lat' dir='ltr'>hastis</span> 
     </span>
     <span class='ocr_line' id='line_1_20' title="bbox 164 2293 1203 2379; baseline 0.001 -22"><span class='ocrx_word' id='word_1_145' title='bbox 164 2294 285 2379; x_wconf 90' lang='lat' dir='ltr'>clipeos</span> <span class='ocrx_word' id='word_1_146' title='bbox 308 2293 465 2376; x_wconf 86' lang='lat' dir='ltr'>quatiens,</span> <span class='ocrx_word' id='word_1_147' title='bbox 489 2295 654 2378; x_wconf 85' lang='lat' dir='ltr'>expletura</span> <span class='ocrx_word' id='word_1_148' title='bbox 680 2314 715 2358; x_wconf 93' lang='lat' dir='ltr'>se</span> <span class='ocrx_word' id='word_1_149' title='bbox 738 2295 893 2376; x_wconf 85' lang='lat' dir='ltr'>sanguine</span> <span class='ocrx_word' id='word_1_150' title='bbox 916 2294 1052 2376; x_wconf 88' lang='lat' dir='ltr'>illorum,</span> <span class='ocrx_word' id='word_1_151' title='bbox 1076 2295 1129 2377; x_wconf 91' lang='lat' dir='ltr'>qui</span> <span class='ocrx_word' id='word_1_152' title='bbox 1159 2296 1203 2359; x_wconf 85' lang='lat' dir='ltr'>al·</span> 
     </span>
     <span class='ocr_line' id='line_1_21' title="bbox 163 2397 1254 2482; baseline 0.003 -20"><span class='ocrx_word' id='word_1_153' title='bbox 163 2399 362 2464; x_wconf 83' lang='lat' dir='ltr'>sectaverant</span> <span class='ocrx_word' id='word_1_154' title='bbox 385 2398 464 2462; x_wconf 89' lang='lat' dir='ltr'>nihil</span> <span class='ocrx_word' id='word_1_155' title='bbox 486 2397 528 2461; x_wconf 86' lang='lat' dir='ltr'>ad</span> <span class='ocrx_word' id='word_1_156' title='bbox 550 2399 637 2482; x_wconf 90' lang='lat' dir='ltr'>ipsos</span> <span class='ocrx_word' id='word_1_157' title='bbox 660 2398 823 2482; x_wconf 88' lang='lat' dir='ltr'>pertinens</span> <span class='ocrx_word' id='word_1_158' title='bbox 846 2419 990 2481; x_wconf 89' lang='lat' dir='ltr'>regnum.</span> <span class='ocrx_word' id='word_1_159' title='bbox 1030 2399 1068 2463; x_wconf 93' lang='lat' dir='ltr'>In</span> <span class='ocrx_word' id='word_1_160' title='bbox 1092 2401 1203 2465; x_wconf 91' lang='lat' dir='ltr'>eadem</span> <span class='ocrx_word' id='word_1_161' title='bbox 1223 2417 1254 2465; x_wconf 85' lang='lat'>15</span> 
     </span>
     <span class='ocr_line' id='line_1_22' title="bbox 165 2501 1202 2587; baseline 0.002 -21"><span class='ocrx_word' id='word_1_162' title='bbox 165 2502 258 2567; x_wconf 93' lang='lat' dir='ltr'>domo</span> <span class='ocrx_word' id='word_1_163' title='bbox 282 2502 467 2585; x_wconf 85' lang='lat' dir='ltr'>familiaque</span> <span class='ocrx_word' id='word_1_164' title='bbox 498 2501 621 2586; x_wconf 91' lang='lat' dir='ltr'>imperii</span> <span class='ocrx_word' id='word_1_165' title='bbox 644 2501 727 2567; x_wconf 90' lang='lat' dir='ltr'>vires</span> <span class='ocrx_word' id='word_1_166' title='bbox 756 2522 956 2567; x_wconf 89' lang='lat' dir='ltr'>remansuras</span> <span class='ocrx_word' id='word_1_167' title='bbox 987 2523 1057 2568; x_wconf 89' lang='lat' dir='ltr'>esse</span> <span class='ocrx_word' id='word_1_168' title='bbox 1086 2503 1202 2587; x_wconf 90' lang='lat' dir='ltr'>gaude-</span> 
     </span>
     <span class='ocr_line' id='line_1_23' title="bbox 164 2605 1202 2690; baseline 0.003 -20"><span class='ocrx_word' id='word_1_169' title='bbox 164 2607 257 2671; x_wconf 88' lang='lat' dir='ltr'>bant:</span> <span class='ocrx_word' id='word_1_170' title='bbox 271 2605 498 2670; x_wconf 90' lang='lat' dir='ltr'>hereditarium</span> <span class='ocrx_word' id='word_1_171' title='bbox 510 2605 676 2689; x_wconf 91' lang='lat' dir='ltr'>imperium</span> <span class='ocrx_word' id='word_1_172' title='bbox 688 2605 820 2690; x_wconf 89' lang='lat' dir='ltr'>stirpem</span> <span class='ocrx_word' id='word_1_173' title='bbox 831 2607 952 2688; x_wconf 89' lang='lat' dir='ltr'>regiam</span> <span class='ocrx_word' id='word_1_174' title='bbox 960 2607 1202 2690; x_wconf 86' lang='lat' dir='ltr'>vindicaturam,</span> 
     </span>
     <span class='ocr_line' id='line_1_24' title="bbox 165 2709 1202 2794; baseline 0.005 -20"><span class='ocrx_word' id='word_1_175' title='bbox 165 2717 309 2775; x_wconf 86' lang='lat' dir='ltr'>assuetos</span> <span class='ocrx_word' id='word_1_176' title='bbox 347 2729 418 2776; x_wconf 87' lang='lat' dir='ltr'>esse</span> <span class='ocrx_word' id='word_1_177' title='bbox 440 2729 555 2773; x_wconf 92' lang='lat' dir='ltr'>nomen</span> <span class='ocrx_word' id='word_1_178' title='bbox 596 2709 700 2793; x_wconf 91' lang='lat' dir='ltr'>ipsum</span> <span class='ocrx_word' id='word_1_179' title='bbox 738 2709 841 2774; x_wconf 91' lang='lat' dir='ltr'>colere</span> <span class='ocrx_word' id='word_1_180' title='bbox 883 2711 1102 2794; x_wconf 86' lang='lat' dir='ltr'>venerarique,</span> <span class='ocrx_word' id='word_1_181' title='bbox 1143 2734 1202 2778; x_wconf 88' lang='lat' dir='ltr'>nec</span> 
     </span>
     <span class='ocr_line' id='line_1_25' title="bbox 113 2812 1255 2900; baseline 0.004 -23"><span class='ocrx_word' id='word_1_182' title='bbox 113 2814 157 2884; x_wconf 84' lang='lat'>24</span> <span class='ocrx_word' id='word_1_183' title='bbox 169 2833 361 2896; x_wconf 90' lang='lat' dir='ltr'>quemquam</span> <span class='ocrx_word' id='word_1_184' title='bbox 382 2813 417 2876; x_wconf 90' lang='lat' dir='ltr'>id</span> <span class='ocrx_word' id='word_1_185' title='bbox 440 2833 554 2897; x_wconf 89' lang='lat' dir='ltr'>capere</span> <span class='ocrx_word' id='word_1_186' title='bbox 584 2812 645 2878; x_wconf 91' lang='lat' dir='ltr'>nisi</span> <span class='ocrx_word' id='word_1_187' title='bbox 668 2813 820 2896; x_wconf 89' lang='lat' dir='ltr'>genitum,</span> <span class='ocrx_word' id='word_1_188' title='bbox 843 2820 878 2878; x_wconf 92' lang='lat' dir='ltr'>ut</span> <span class='ocrx_word' id='word_1_189' title='bbox 900 2823 1053 2897; x_wconf 87' lang='lat' dir='ltr'>regnaret.</span> <span class='ocrx_word' id='word_1_190' title='bbox 1100 2817 1203 2900; x_wconf 86' lang='lat' dir='ltr'>Igitur</span> <span class='ocrx_word' id='word_1_191' title='bbox 1223 2833 1255 2883; x_wconf 87' lang='lat'>16</span> 
     </span>
     <span class='ocr_line' id='line_1_26' title="bbox 164 2916 1204 3004; baseline 0.004 -22"><span class='ocrx_word' id='word_1_192' title='bbox 164 2918 318 2984; x_wconf 90' lang='lat' dir='ltr'>Perdicca</span> <span class='ocrx_word' id='word_1_193' title='bbox 339 2918 468 2984; x_wconf 86' lang='lat' dir='ltr'>territus</span> <span class='ocrx_word' id='word_1_194' title='bbox 484 2918 642 2998; x_wconf 89' lang='lat' dir='ltr'>conclave,</span> <span class='ocrx_word' id='word_1_195' title='bbox 665 2916 698 2980; x_wconf 95' lang='lat' dir='ltr'>in</span> <span class='ocrx_word' id='word_1_196' title='bbox 722 2937 784 3000; x_wconf 91' lang='lat' dir='ltr'>quo</span> <span class='ocrx_word' id='word_1_197' title='bbox 801 2918 974 2984; x_wconf 89' lang='lat' dir='ltr'>Alexandri</span> <span class='ocrx_word' id='word_1_198' title='bbox 995 2941 1107 3004; x_wconf 88' lang='lat' dir='ltr'>corpus</span> <span class='ocrx_word' id='word_1_199' title='bbox 1123 2923 1204 2987; x_wconf 92' lang='lat' dir='ltr'>iace-</span> 
     </span>
     <span class='ocr_line' id='line_1_27' title="bbox 164 3022 1202 3108; baseline 0.001 -18"><span class='ocrx_word' id='word_1_200' title='bbox 164 3025 228 3104; x_wconf 89' lang='lat' dir='ltr'>bat,</span> <span class='ocrx_word' id='word_1_201' title='bbox 245 3023 387 3088; x_wconf 87' lang='lat' dir='ltr'>obserari</span> <span class='ocrx_word' id='word_1_202' title='bbox 403 3022 498 3087; x_wconf 89' lang='lat' dir='ltr'>iubet.</span> <span class='ocrx_word' id='word_1_203' title='bbox 530 3032 576 3085; x_wconf 80' lang='lat' dir='ltr'>Dc</span> <span class='ocrx_word' id='word_1_204' title='bbox 602 3041 673 3086; x_wconf 92' lang='lat' dir='ltr'>cum</span> <span class='ocrx_word' id='word_1_205' title='bbox 692 3022 761 3106; x_wconf 89' lang='lat' dir='ltr'>ipso</span> <span class='ocrx_word' id='word_1_206' title='bbox 778 3029 876 3102; x_wconf 86' lang='lat' dir='ltr'>erant,</span> <span class='ocrx_word' id='word_1_207' title='bbox 889 3031 1051 3108; x_wconf 88' lang='lat' dir='ltr'>spectatae</span> <span class='ocrx_word' id='word_1_208' title='bbox 1067 3026 1202 3108; x_wconf 90' lang='lat' dir='ltr'>virtutis,</span> 
     </span>
     <span class='ocr_line' id='line_1_28' title="bbox 164 3126 1203 3214; baseline 0.004 -25"><span class='ocrx_word' id='word_1_209' title='bbox 164 3127 368 3193; x_wconf 89' lang='lat' dir='ltr'>Ptolomaeus</span> <span class='ocrx_word' id='word_1_210' title='bbox 392 3147 516 3210; x_wconf 90' lang='lat' dir='ltr'>quoque</span> <span class='ocrx_word' id='word_1_211' title='bbox 540 3147 574 3192; x_wconf 92' lang='lat' dir='ltr'>se</span> <span class='ocrx_word' id='word_1_212' title='bbox 597 3126 785 3191; x_wconf 88' lang='lat' dir='ltr'>adiunxerat</span> <span class='ocrx_word' id='word_1_213' title='bbox 808 3126 837 3192; x_wconf 90' lang='lat' dir='ltr'>ei</span> <span class='ocrx_word' id='word_1_214' title='bbox 859 3148 1092 3212; x_wconf 88' lang='lat' dir='ltr'>puerorumque</span> <span class='ocrx_word' id='word_1_215' title='bbox 1114 3131 1203 3214; x_wconf 86' lang='lat' dir='ltr'>regia</span> 
     </span>
     <span class='ocr_line' id='line_1_29' title="bbox 165 3229 1254 3299; baseline 0.002 -5"><span class='ocrx_word' id='word_1_216' title='bbox 165 3231 286 3296; x_wconf 90' lang='lat' dir='ltr'>cohors.</span> <span class='ocrx_word' id='word_1_217' title='bbox 313 3230 459 3296; x_wconf 77' lang='lat' dir='ltr'>Ceterum</span> <span class='ocrx_word' id='word_1_218' title='bbox 482 3229 569 3294; x_wconf 92' lang='lat' dir='ltr'>haud</span> <span class='ocrx_word' id='word_1_219' title='bbox 585 3229 755 3295; x_wconf 86' lang='lat' dir='ltr'>difficulter</span> <span class='ocrx_word' id='word_1_220' title='bbox 770 3253 790 3295; x_wconf 88' lang='lat' dir='ltr'>a</span> <span class='ocrx_word' id='word_1_221' title='bbox 805 3238 851 3296; x_wconf 91' lang='lat' dir='ltr'>tot</span> <span class='ocrx_word' id='word_1_222' title='bbox 867 3231 993 3297; x_wconf 91' lang='lat' dir='ltr'>milibus</span> <span class='ocrx_word' id='word_1_223' title='bbox 1009 3241 1202 3299; x_wconf 92' lang='lat' dir='ltr'>armatorum</span> <span class='ocrx_word' id='word_1_224' title='bbox 1222 3247 1254 3296; x_wconf 87' lang='lat'>17</span> 
     </span>
     <span class='ocr_line' id='line_1_30' title="bbox 165 3335 1204 3423; baseline 0.005 -25"><span class='ocrx_word' id='word_1_225' title='bbox 165 3335 301 3398; x_wconf 87' lang='lat' dir='ltr'>claustra</span> <span class='ocrx_word' id='word_1_226' title='bbox 322 3336 483 3419; x_wconf 83' lang='lat' dir='ltr'>perfracta</span> <span class='ocrx_word' id='word_1_227' title='bbox 507 3341 591 3398; x_wconf 87' lang='lat' dir='ltr'>sunt.</span> <span class='ocrx_word' id='word_1_228' title='bbox 633 3335 675 3398; x_wconf 82' lang='lat' dir='ltr'>nt</span> <span class='ocrx_word' id='word_1_229' title='bbox 697 3355 753 3399; x_wconf 91' lang='lat' dir='ltr'>rex</span> <span class='ocrx_word' id='word_1_230' title='bbox 776 3356 901 3418; x_wconf 91' lang='lat' dir='ltr'>quoque</span> <span class='ocrx_word' id='word_1_231' title='bbox 925 3336 1087 3422; x_wconf 91' lang='lat' dir='ltr'>irruperat,</span> <span class='ocrx_word' id='word_1_232' title='bbox 1109 3341 1204 3423; x_wconf 89' lang='lat' dir='ltr'>stipa-</span> 
     </span>
     <span class='ocr_line' id='line_1_31' title="bbox 164 3438 1201 3525; baseline 0.007 -24"><span class='ocrx_word' id='word_1_233' title='bbox 164 3443 213 3502; x_wconf 90' lang='lat' dir='ltr'>tus</span> <span class='ocrx_word' id='word_1_234' title='bbox 248 3438 421 3503; x_wconf 89' lang='lat' dir='ltr'>satellitum</span> <span class='ocrx_word' id='word_1_235' title='bbox 450 3439 551 3519; x_wconf 89' lang='lat' dir='ltr'>turba,</span> <span class='ocrx_word' id='word_1_236' title='bbox 584 3459 717 3521; x_wconf 92' lang='lat' dir='ltr'>quorum</span> <span class='ocrx_word' id='word_1_237' title='bbox 747 3440 895 3525; x_wconf 88' lang='lat' dir='ltr'>princeps</span> <span class='ocrx_word' id='word_1_238' title='bbox 927 3441 1088 3524; x_wconf 82' lang='lat' dir='ltr'>Meleager</span> <span class='ocrx_word' id='word_1_239' title='bbox 1122 3454 1201 3508; x_wconf 81' lang='lat' dir='ltr'>crat.</span> 
     </span>
     <span class='ocr_line' id='line_1_32' title="bbox 164 3542 1255 3630; baseline 0.002 -25"><span class='ocrx_word' id='word_1_240' title='bbox 164 3543 331 3624; x_wconf 83' lang='lat' dir='ltr'>iratusque</span> <span class='ocrx_word' id='word_1_241' title='bbox 369 3542 522 3607; x_wconf 90' lang='lat' dir='ltr'>Perdicca</span> <span class='ocrx_word' id='word_1_242' title='bbox 564 3544 631 3624; x_wconf 85' lang='lat' dir='ltr'>hos,</span> <span class='ocrx_word' id='word_1_243' title='bbox 674 3544 728 3626; x_wconf 92' lang='lat' dir='ltr'>qui</span> <span class='ocrx_word' id='word_1_244' title='bbox 762 3543 934 3610; x_wconf 86' lang='lat' dir='ltr'>Alexandri</span> <span class='ocrx_word' id='word_1_245' title='bbox 970 3567 1085 3630; x_wconf 88' lang='lat' dir='ltr'>corpus</span> <span class='ocrx_word' id='word_1_246' title='bbox 1122 3548 1202 3612; x_wconf 90' lang='lat' dir='ltr'>tucri</span> <span class='ocrx_word' id='word_1_247' title='bbox 1223 3558 1255 3608; x_wconf 84' lang='lat'>18</span> 
     </span>
     <span class='ocr_line' id='line_1_33' title="bbox 163 3645 1202 3736; baseline 0.006 -26"><span class='ocrx_word' id='word_1_248' title='bbox 163 3647 291 3726; x_wconf 89' lang='lat' dir='ltr'>vellent,</span> <span class='ocrx_word' id='word_1_249' title='bbox 308 3653 452 3711; x_wconf 85' lang='lat' dir='ltr'>sevocat:</span> <span class='ocrx_word' id='word_1_250' title='bbox 470 3645 536 3727; x_wconf 90' lang='lat' dir='ltr'>sed,</span> <span class='ocrx_word' id='word_1_251' title='bbox 553 3649 608 3730; x_wconf 88' lang='lat' dir='ltr'>qui</span> <span class='ocrx_word' id='word_1_252' title='bbox 630 3649 818 3732; x_wconf 87' lang='lat' dir='ltr'>irruperant,</span> <span class='ocrx_word' id='word_1_253' title='bbox 832 3650 955 3718; x_wconf 85' lang='lat' dir='ltr'>eminus</span> <span class='ocrx_word' id='word_1_254' title='bbox 971 3650 1036 3714; x_wconf 88' lang='lat' dir='ltr'>tela</span> <span class='ocrx_word' id='word_1_255' title='bbox 1051 3651 1083 3714; x_wconf 90' lang='lat' dir='ltr'>in</span> <span class='ocrx_word' id='word_1_256' title='bbox 1099 3652 1202 3736; x_wconf 87' lang='lat' dir='ltr'>ipsum</span> 
     </span>
     <span class='ocr_line' id='line_1_34' title="bbox 162 3751 1202 3840; baseline 0.006 -26"><span class='ocrx_word' id='word_1_257' title='bbox 162 3751 332 3816; x_wconf 88' lang='lat' dir='ltr'>iaciebant.</span> <span class='ocrx_word' id='word_1_258' title='bbox 357 3751 528 3832; x_wconf 90' lang='lat' dir='ltr'>Multisque</span> <span class='ocrx_word' id='word_1_259' title='bbox 551 3753 726 3818; x_wconf 90' lang='lat' dir='ltr'>vulneratis</span> <span class='ocrx_word' id='word_1_260' title='bbox 748 3753 877 3818; x_wconf 90' lang='lat' dir='ltr'>tandem</span> <span class='ocrx_word' id='word_1_261' title='bbox 901 3755 1043 3820; x_wconf 89' lang='lat' dir='ltr'>seniores</span> <span class='ocrx_word' id='word_1_262' title='bbox 1066 3755 1202 3840; x_wconf 91' lang='lat' dir='ltr'>demptis</span> 
     </span>
     <span class='ocr_line' id='line_1_35' title="bbox 162 3855 1202 3942; baseline 0.004 -23"><span class='ocrx_word' id='word_1_263' title='bbox 162 3855 276 3938; x_wconf 68' lang='lat' dir='ltr'>galeis</span> <span class='ocrx_word' id='word_1_264' title='bbox 301 3877 362 3938; x_wconf 94' lang='lat' dir='ltr'>quo</span> <span class='ocrx_word' id='word_1_265' title='bbox 390 3857 515 3920; x_wconf 88' lang='lat' dir='ltr'>facilius</span> <span class='ocrx_word' id='word_1_266' title='bbox 538 3858 625 3922; x_wconf 89' lang='lat' dir='ltr'>nosci</span> <span class='ocrx_word' id='word_1_267' title='bbox 656 3865 796 3941; x_wconf 88' lang='lat' dir='ltr'>possent,</span> <span class='ocrx_word' id='word_1_268' title='bbox 820 3859 941 3942; x_wconf 86' lang='lat' dir='ltr'>precari</span> <span class='ocrx_word' id='word_1_269' title='bbox 966 3879 1031 3939; x_wconf 89' lang='lat' dir='ltr'>eos,</span> <span class='ocrx_word' id='word_1_270' title='bbox 1055 3861 1107 3942; x_wconf 91' lang='lat' dir='ltr'>qui</span> <span class='ocrx_word' id='word_1_271' title='bbox 1133 3881 1202 3924; x_wconf 91' lang='lat' dir='ltr'>oum</span> 
     </span>
    </p>
   </div>
   <div class='ocr_carea' id='block_1_3' title="bbox 216 3986 1099 4047">
    <p class='ocr_par' dir='ltr' id='par_1_3' title="bbox 216 3986 1099 4047">
     <span class='ocr_line' id='line_1_36' title="bbox 216 3986 1099 4047; baseline -0.005 -11"><span class='ocrx_word' id='word_1_272' title='bbox 216 3993 314 4036; x_wconf 85' lang='lat' dir='ltr'>Curtius</span> <span class='ocrx_word' id='word_1_273' title='bbox 328 3993 404 4036; x_wconf 83' lang='lat' dir='ltr'>Rufus</span> <span class='ocrx_word' id='word_1_274' title='bbox 418 4005 467 4036; x_wconf 92' lang='lat' dir='ltr'>von</span> <span class='ocrx_word' id='word_1_275' title='bbox 482 3993 606 4047; x_wconf 85' lang='lat' dir='ltr'>Stangl.</span> <span class='ocrx_word' id='word_1_276' title='bbox 1066 3986 1099 4033; x_wconf 88' lang='lat'>20</span> 
     </span>
    </p>
   </div>
   <div class='ocr_carea' id='block_1_4' title="bbox 0 0 1490 4322">
    <p class='ocr_par' dir='ltr' id='par_1_4' title="bbox 0 0 1490 4322">
     <span class='ocr_line' id='line_1_37' title="bbox 0 0 1490 4322; baseline 0 0"><span class='ocrx_word' id='word_1_277' title='bbox 0 0 1490 4322; x_wconf 95' lang='lat' dir='ltr'> </span> 
     </span>
    </p>
   </div>
  </div>
 </body>
</html>
