2976 4322
277 211 339 275 156
665 215 695 280 Q.
715 214 824 267 CURTl
844 215 930 270 RUFI

273 415 390 481 indicio
413 417 509 482 fidem
532 418 615 499 10011,
639 418 754 500 idme,
779 441 850 485 eum
873 442 893 484 a
916 419 1068 485 Cebalino
1090 419 1311 504 interpellatus

223 533 257 582 2ο
275 540 352 602 sum,
386 542 515 588 movere
548 543 612 588 non
645 530 778 608 poterat.
836 524 877 589 At
911 524 1065 606 hercules,
1102 525 1129 590 01
1163 525 1309 590 conscius
1321 521 1365 592 39

273 625 402 709 Dymno
425 627 505 691 tanti
532 628 661 693 sceleris
692 627 831 710 fuissem,
864 629 960 694 biduo
989 630 1043 694 illo
1074 629 1216 714 proditos
1239 649 1311 695 esse

272 750 330 796 nos
364 729 564 797 dissimulare
598 753 660 797 non
700 732 811 798 debui:
851 734 1022 800 Cebalinus
1059 735 1129 818 ipse
1165 733 1233 798 tolli
1270 733 1311 798 de

220 844 251 894 21
271 835 376 899 medio
410 873 451 882 -
485 835 635 919 nulloque
668 837 798 920 negotio
829 875 868 884 —
901 838 1011 923 potnit.
1058 838 1205 921 Denique
1238 844 1311 923 post

272 937 412 1004 delatum
455 939 615 1021 indicium,
667 941 751 1027 qaod
792 949 957 1028 operturus
999 963 1093 1024 01001,
1130 942 1310 1008 cubiculum

270 1043 355 1126 regis
385 1044 471 1108 solus
501 1043 625 1126 intravi,
657 1044 740 1111 ferro
772 1046 900 1130 quidem
930 1047 1061 1112 cinctus.
1109 1046 1171 1111 Cur
1201 1045 1309 1111 distuli

218 1157 251 1206 22
271 1147 421 1213 facinus?
465 1147 517 1212 An
540 1149 609 1214 sine
631 1150 760 1234 Dymno
788 1172 851 1216 non
873 1171 941 1217 sum
965 1149 1088 1216 ausus?
1132 1151 1192 1216 1110
1213 1150 1311 1234 igitur

270 1252 419 1336 princeps
450 1252 675 1320 coniurationis
704 1255 778 1319 fuit!
816 1255 875 1320 sub
908 1255 993 1320 illins
1025 1255 1138 1320 umbra
1168 1255 1311 1320 Philotas

269 1355 420 1436 latebam,
454 1357 508 1440 qui
540 1377 674 1440 regnum
704 1358 914 1424 Macedonum
948 1360 1080 1424 affecto!
1137 1359 1256 1442 Ecquis
1290 1380 1309 1424 e

269 1461 360 1527 vobis
390 1470 556 1547 corruptus
589 1470 637 1528 est
668 1463 783 1529 donis?
818 1485 912 1548 quem
943 1463 1065 1545 ducem,
1098 1485 1191 1547 quem
1220 1485 1309 1549 prae-

269 1566 388 1631 fectum
417 1567 593 1651 impensius
617 1568 724 1633 colui?
770 1568 848 1633 Mihi
884 1569 1011 1652 quidem
1046 1569 1188 1650 obicitur,
1223 1569 1308 1650 qnod

269 1671 456 1738 societatem
485 1671 580 1757 patrii
611 1667 764 1738 sermonis
795 1693 955 1758 aspemer,
988 1672 1071 1754 qnod
1098 1671 1308 1738 Macedonum

268 1794 373 1840 mores
411 1775 583 1842 fastidiam.
630 1776 682 1842 Sic
720 1797 797 1860 ergo
835 1778 978 1863 imperio,
1018 1777 1103 1860 quod
1142 1776 1308 1860 dedignor,

218 1885 251 1935 23
270 1879 433 1944 immineol
479 1881 548 1945 lam
581 1881 704 1966 pridem
736 1882 862 1947 nativus
895 1882 949 1946 ille
984 1902 1086 1948 sermo
1120 1882 1307 1947 commercio

253 1973 403 2050 aliarum
434 1986 577 2070 gentium
607 1986 762 2051 exolevit:
793 1993 859 2050 tam
888 1987 1061 2052 victoribus
1092 2007 1186 2068 qnam
1216 1986 1308 2051 110110
1406 2064 1408 2068 Ι

218 2093 252 2142 24
270 2090 439 2174 peregrina
461 2090 572 2174 lingua
595 2090 748 2156 discenda
771 2097 828 2156 001.
875 2091 948 2156 Non
969 2090 1151 2156 mehercule
1173 2090 1234 2155 ista
1256 2109 1308 2154 100

269 2194 373 2278 magis
405 2194 536 2259 laedunt
567 2216 662 2278 quam
696 2195 781 2278 quod
811 2194 976 2279 Amyntas,
1009 2194 1183 2260 Perdiccae
1216 2193 1306 2274 filins,

268 2297 435 2364 insidiatus
460 2305 509 2364 est
530 2299 618 2381 regi:
648 2319 719 2362 cum
742 2318 804 2381 qno
827 2299 911 2381 quod
933 2298 1072 2362 amicitia
1101 2298 1198 2363 fuerit
1220 2297 1306 2378 mihi,

267 2422 332 2466 non
366 2421 479 2467 recuso
514 2401 697 2483 defendere,
734 2403 761 2468 si
794 2403 926 2468 fratrem
955 2402 1043 2486 regis
1075 2422 1136 2467 uon
1170 2401 1308 2486 oportuit

217 2508 250 2560 25
269 2505 360 2589 diligi
383 2528 403 2571 a
424 2505 526 2571 nobis.
574 2507 630 2572 Sin
654 2513 760 2571 0010111
790 2507 823 2571 10
852 2507 907 2571 1110
931 2505 1077 2571 fortunae
1100 2504 1203 2590 gradu
1220 2505 1307 2590 ,posi-

268 2615 334 2674 tum
358 2610 455 2675 etiam
478 2610 623 2675 venerari
646 2631 779 2676 necesse
802 2617 878 2690 erat,
915 2615 1029 2691 utrum,
1062 2629 1189 2692 quaese,
1222 2609 1306 2692 quod

268 2733 331 2778 non
355 2713 503 2794 divinavi,
535 2733 607 2778 reus
631 2733 707 2794 sum,
736 2734 777 2776 an
799 2713 966 2797 impiorum
997 2713 1107 2778 amicis
1130 2713 1306 2778 insontibus
1395 2773 1402 2793 ,

222 2899 224 2907 ᾗ
269 2829 394 2900 quoque
430 2815 628 2882 moriendum
666 2815 739 2882 est?
785 2815 878 2893 Quod
915 2817 941 2881 si
979 2837 1115 2898 aequum
1153 2823 1209 2898 001,
1252 2835 1308 2880 001

268 2928 333 2985 tam
360 2919 768 3001 11101110101111001001,
800 2941 855 2986 our
884 2940 968 2984 nunc
998 2920 1126 2986 demum
1155 2918 1307 2985 occidor?

216 3027 250 3081 26
268 3024 310 3090 At
341 3025 424 3090 enim
453 3026 565 3110 scripsi
598 3025 740 3090 misereri
770 3046 821 3089 me
851 3046 967 3105 eorum,
999 3025 1113 3107 quibus
1135 3024 1306 3089 vivendum

269 3137 353 3195 esset
377 3128 435 3195 sub
459 3149 505 3209 eo,
538 3129 591 3212 qui
615 3148 651 3194 se
674 3129 760 3194 Iovis
785 3127 882 3192 filium
906 3128 1066 3194 erederet!
1112 3128 1208 3193 Fides
1231 3127 1306 3191 ami·

267 3233 370 3316 011100,
402 3234 469 3298 1011
500 3233 623 3298 00001111
653 3234 832 3318 periculosa
862 3233 1001 3314 libertas,
1035 3253 1087 3297 me
1117 3231 1304 3316 decepistis!

215 3343 247 3392 27
266 3357 332 3418 vos,
357 3358 439 3420 quae
455 3336 639 3418 sentiebam,
664 3358 704 3402 00
719 3337 896 3416 1011001010,
918 3336 1105 3420 impulistis!
1134 3335 1306 3420 Scripsisse

265 3463 317 3507 me
339 3441 420 3507 haec
443 3441 555 3523 fateor,
580 3442 634 3506 sed
656 3441 732 3524 regi,
761 3462 824 3505 non
847 3441 888 3506 de
911 3461 988 3523 rege
1012 3440 1186 3525 scripsisse.
1232 3440 1305 3504 Non

267 3546 350 3610 enim
373 3546 531 3612 faciebam
553 3544 717 3624 invidiam,
741 3544 801 3610 sed
822 3565 879 3629 pro
904 3565 941 3610 eo
964 3545 1124 3610 timebam.
1170 3543 1305 3627 Dignior

1478 601 1485 640 1

265 3647 342 3713 mihi
376 3647 561 3715 Alexander
594 3649 770 3724 videbatur,
810 3649 862 3731 qui
897 3648 982 3713 Iovis
1020 3648 1151 3732 stirpem
1188 3647 1304 3712 tacitus

214 3773 248 3824 28
267 3761 467 3835 agnosceret,
514 3772 608 3835 quam
654 3753 706 3836 qui
751 3752 989 3838 praedicatione
1033 3752 1175 3818 iactaret.
1239 3750 1303 3816 Sed

266 3855 414 3939 quoniam
438 3857 555 3921 oraculi
579 3855 659 3922 fides
689 3863 776 3921 certa
806 3863 863 3936 est,
896 3855 936 3922 sit
966 3854 1045 3920 deus
1072 3874 1188 3921 causae
1210 3875 1302 3919 meae
