3040 4318
289 184 351 248 150
676 187 707 252 Q.
728 186 836 240 CURTI
855 185 941 240 RUFI

285 401 410 458 vetusto
448 393 657 458 Macedonum
694 393 788 458 modo
827 393 1005 476 inquirebat
1042 416 1110 474 rea,
1149 393 1322 457 iudicabat

285 499 443 564 exercitus
472 535 516 544 —
545 498 578 563 in
611 519 691 582 pace
721 504 789 564 erat
818 498 907 581 vulgi
937 535 981 544 -
1010 505 1042 564 et
1071 498 1151 562 nihil
1180 505 1321 582 potestas

234 607 268 658 26
286 623 399 686 regum
428 603 565 683 valebat,
600 603 662 668 nisi
691 602 778 688 prius
809 603 962 668 valuisset
991 603 1171 668 auctoritas.
1218 603 1321 685 Igitur

284 708 404 792 Dymni
427 708 563 792 primurn
586 707 725 772 cadaver
747 706 888 788 infertur,
902 706 1072 792 plerisque,
1084 707 1161 790 quid
1176 714 1321 792 parasset

284 831 386 894 quove
409 831 486 876 casu
509 811 666 878 extinctus
689 819 782 892 esset,
806 811 936 894 ignaris.

739 1003 804 1057 cip.
824 1003 870 1055 IX.

250 1128 263 1178 1
387 1125 455 1189 Rex
479 1123 640 1189 deindcin
664 1123 843 1188 contionem
866 1121 1018 1207 procedit,
1032 1125 1120 1188 vultu
1135 1123 1320 1208 praeferens

282 1229 424 1294 dolorem
453 1229 560 1294 animi.
614 1229 795 1292 Amicorum
826 1247 950 1310 quoque
983 1229 1144 1292 maestitia
1173 1235 1319 1314 expecta-

248 1333 401 1398 2tionem
422 1332 510 1398 haud
532 1354 665 1417 parvam
694 1333 741 1397 rei
764 1332 891 1397 fecerat.
938 1333 1002 1396 Diu
1031 1353 1088 1396 rex
1119 1331 1257 1398 demisso
1286 1333 1318 1396 in

282 1444 398 1502 terram
420 1439 519 1518 vultu,
543 1436 678 1501 attonito
701 1436 903 1520 stupentique
919 1436 1038 1517 similis,
1053 1438 1148 1502 stetit.
1173 1435 1318 1502 Tandem

281 1549 409 1626 recepto
426 1542 540 1621 animo,
560 1541 705 1621 ‘Paene’,
729 1541 839 1622 inquit,
860 1541 998 1621 ‘milites
1019 1540 1182 1620 bominum
1198 1542 1317 1606 scelere

281 1646 371 1710 vobis
402 1649 529 1730 ereptus
560 1665 647 1710 sum:
682 1643 777 1710 deum
806 1644 1009 1728 providentia
1039 1651 1070 1710 et
1099 1645 1318 1711 misericordia

280 1750 363 1814 vivo.
410 1748 670 1833 Conspectusque
700 1749 800 1813 vestri
829 1747 1022 1814 venerabilis
1053 1749 1167 1831 coegit,
1202 1756 1238 1814 ut
1265 1770 1317 1814 ve·

280 1853 461 1918 hementius
505 1851 671 1937 parricidis
715 1852 878 1933 irascerer,
924 1853 1072 1934 quoniam
1116 1853 1315 1938 praecipuus,

279 1959 375 2022 immo
397 1977 478 2022 unus
502 1958 586 2021 vitae
608 1977 699 2021 meac
730 1955 849 2021 fructus
880 1964 936 2036 est,
968 1964 1015 2021 tot
1038 1956 1218 2022 fortissimis
1240 1957 1316 2023 viris

281 2069 313 2128 ct
336 2061 376 2126 de
397 2082 448 2126 me
472 2061 590 2146 optime
613 2061 732 2125 meritis
758 2060 879 2126 referre
909 2061 1015 2126 adhue
1038 2061 1174 2143 gratiam
1196 2062 1316 2145 posse’.

246 2166 451 2250 3Interrupit
481 2166 655 2230 orationem
683 2164 817 2228 militum
847 2165 991 2246 gemitus,
1024 2164 1216 2247 obortaeque
1244 2173 1316 2230 sunt

280 2271 425 2336 omnibus
447 2271 606 2335 lacrimae.
640 2270 722 2333 Tum
743 2288 809 2349 rex,
829 2269 994 2351 ‘Quanto’,
1018 2270 1128 2352 inquit,
1152 2270 1316 2334 ‘maiorem

279 2376 313 2439 in
341 2375 455 2440 ¹animis
484 2375 600 2439 vestris
633 2380 753 2437 motum
783 2373 938 2453 excitabo,
974 2373 1156 2438 cumtanti
1186 2373 1315 2438 sceleris

279 2485 424 2543 auctores
448 2477 630 2542 ostendero!
657 2496 790 2558 quorum
812 2477 1005 2542 mentionem
1021 2477 1127 2542 adhuc
1143 2476 1315 2542 reformido

278 2590 318 2663 ct,
343 2589 505 2664 tamquam
542 2581 623 2646 salvi
660 2596 732 2645 esse
769 2580 901 2664 possint,
940 2581 1120 2646 nominibus
1158 2580 1312 2646 abstineo.

243 2694 259 2742 4
279 2685 344 2751 Sed
367 2685 524 2751 vincenda
548 2692 596 2750 est
620 2683 774 2748 memoria
795 2684 949 2769 pristinae
980 2685 1130 2766 caritatis,
1155 2692 1186 2749 et
1209 2685 1315 2750 coniu-

276 2791 357 2855 ratio
379 2790 545 2873 impiorum
568 2788 687 2853 civium
711 2788 901 2870 detegenda.
930 2789 1096 2866 Quomodo
1119 2796 1226 2854 autem
1248 2795 1314 2854 tan-

276 2901 342 2958 tum
366 2893 456 2958 nefas
480 2893 616 2958 sileam?
660 2891 836 2973 Parmenio,
868 2893 924 2957 illa
946 2900 1060 2968 aetate,
1079 2901 1125 2958 tot
1147 2893 1236 2974 meis,
1268 2899 1314 2958 tot

276 2998 418 3084 parentis
448 2999 511 3062 mei
540 2997 662 3062 meritis
694 2996 869 3078 devinctus,
905 2998 1044 3062 omnium
1078 2997 1170 3063 nobis
1200 2998 1314 3062 amico·

276 3125 345 3168 rum
381 3102 623 3181 vetustissimus,
662 3100 776 3165 ducem
813 3120 847 3166 sc
885 3102 997 3166 sceleri
1030 3108 1119 3166 tanto
1156 3101 1312 3186 praebuit.

242 3207 421 3272 cMinistor
458 3207 526 3271 eius
563 3204 709 3270 Philotas
746 3205 939 3270 Peucolaum
980 3213 1011 3270 et
1048 3206 1244 3271 Demetrium
1281 3212 1314 3271 et

276 3311 362 3376 hunc
407 3311 578 3394 Dymnum,
626 3309 715 3373 ouius
761 3329 876 3393 corpus
921 3309 1074 3394 aspicitis,
1127 3317 1312 3392 ceterosque

242 3430 257 3479 6
276 3415 419 3480 eiusdem
442 3413 600 3478 amentiae
624 3412 656 3476 in
687 3421 782 3498 caput
810 3435 915 3478 mcum
938 3414 1148 3479 subornavit’.
1193 3414 1310 3479 Fremi-
1321 3415 1365 3490 33

275 3526 326 3584 tus
349 3519 490 3600 undique
513 3517 748 3600 indignantium
779 3518 1040 3600 querentiumque
1069 3525 1136 3582 tota
1166 3518 1314 3583 contione

277 3622 491 3707 obstrepebat,
528 3622 630 3704 qualis
662 3623 743 3688 solet
772 3641 843 3685 esse
873 3621 1083 3686 multitudinis
1114 3629 1146 3686 et
1174 3622 1313 3686 maxime

242 3727 430 3807 militaris,
465 3727 520 3791 ubi
550 3733 605 3790 aut
635 3723 740 3790 studio
774 3725 882 3806 agitur
911 3731 965 3790 aut
995 3725 1051 3790 ira
1096 3725 1313 3790 Nicomachus

275 3830 390 3895 deinde
415 3837 446 3895 et
469 3829 592 3894 Metron
624 3837 655 3892 et
679 3827 850 3892 Cebalinus
881 3826 1035 3911 producti,
1068 3849 1149 3911 quac
1179 3825 1312 3912 quisque
