2976 4322
377 205 628 261 HISTORIARUM
645 207 860 262 ALEXANDRI
878 209 944 261 VIII
962 211 986 262 6.
1140 209 1200 272 221

170 415 235 478 luce
267 412 449 492 succedere,
481 413 621 497 ipsorum
644 420 716 497 post
750 413 918 498 septimum
948 413 1032 478 diem
1063 414 1204 480 reditura

169 517 245 601 vice,
287 537 346 582 nec
377 537 504 601 sperare
537 523 684 601 poterant
717 517 750 581 in
784 517 863 581 illud
896 524 1021 602 tempus
1056 519 1203 584 omuibus

168 621 348 685 duraturam
372 619 477 686 fidem.
524 621 672 685 Ceterum
696 641 768 684 eum
798 621 861 685 11111
885 621 941 685 lux
964 628 1140 707 appeteret,
1171 629 1255 688 1116

169 725 348 790 convivium
372 725 506 790 solvitur
530 733 562 790 et
585 724 742 789 coniurati
766 734 961 810 exceperunt
984 746 1103 809 regem,
1128 727 1204 792 laeti

168 828 365 894 occasionem
396 826 575 911 exequendi
606 829 737 894 sceleris
770 828 949 894 admotam:
986 850 1057 895 cum
1092 831 1205 896 mulier

167 933 327 1016 attonitae,
360 941 395 997 ut
419 933 574 998 creditum
595 939 653 1014 est,
686 933 812 1014 mentis,
845 935 1029 998 conversari
1059 935 1091 998 in
1114 934 1205 1018 regia

167 1037 267 1120 solita,
299 1037 376 1119 quia
397 1037 550 1102 instinctu
580 1036 750 1102 videbatur
780 1037 889 1102 futura
915 1038 1110 1122 praedicere,
1142 1061 1205 1105 non

166 1142 299 1206 occurrit
323 1141 417 1206 modo
439 1141 580 1221 abeunti,
606 1140 663 1206 sed
686 1141 783 1206 etiam
799 1147 901 1207 semet
916 1141 1034 1207 obiecit
1050 1144 1205 1226 vultuque

166 1252 195 1309 11
218 1244 319 1310 oculis
346 1251 467 1309 motum
497 1245 684 1331 praeferens
715 1241 824 1324 animi,
855 1252 890 1309 ut
919 1245 1039 1312 r‘edIrct
1068 1246 1100 1311 in
1131 1267 1204 1311 con-

167 1349 291 1429 vivium,
317 1349 446 1414 monuit.
492 1349 534 1413 Et
556 1349 613 1413 ille
635 1369 693 1434 per
704 1349 824 1430 ludum,
849 1351 931 1416 bene
954 1349 1032 1416 deos
1056 1350 1201 1430 suadere,
1223 1374 1254 1422 17

163 1453 328 1538 respondit
365 1453 588 1535 revocatisque
616 1453 738 1518 amicis
780 1453 812 1518 in
850 1453 961 1518 horam
1000 1453 1064 1519 diei
1102 1454 1203 1532 ferme

164 1557 337 1622 secundam
361 1557 498 1622 convivii
522 1563 649 1642 tempus
673 1557 821 1622 extraxit.
858 1558 927 1622 Iam
943 1558 999 1622 alii
1015 1579 1056 1623 ex
1072 1559 1202 1624 cohorte
1223 1581 1255 1630 11

163 1663 196 1726 in
220 1661 390 1727 stationem
403 1669 636 1746 successerant,
660 1669 734 1726 ante
758 1661 896 1726 cubiculi
912 1662 999 1727 fores
1016 1663 1203 1742 excubitum,
1308 1735 1316 1760 ‚

163 1766 268 1831 adbuc
292 1773 400 1831 tamen
423 1766 590 1838 coniurati.
600 1767 737 1846 stabant,
761 1766 832 1830 viee
855 1764 953 1831 officii
983 1767 1033 1832 sui
1057 1768 1201 1852 expleta:

162 1870 243 1935 adeo
267 1870 416 1954 pertinax
440 1890 514 1956 spes
538 1878 597 1952 cst,
627 1890 722 1953 quam
745 1869 905 1934 humanae
927 1878 1052 1936 mentes
1075 1870 1204 1936 devora-

161 1982 284 2040 verunt.
331 1975 409 2055 Rex,
434 1974 605 2057 benignius
630 1994 725 2056 quam
740 1974 822 2038 alias
846 1974 1012 2056 allocutus,
1037 1975 1203 2042 discedere
1223 1998 1255 2048 19

162 2098 217 2144 eos
233 2078 275 2143 ad
291 2079 432 2143 curanda
448 2098 591 2164 corpora,
610 2079 759 2161 quoniam
774 2085 843 2143 1111
865 2086 959 2144 nocte
975 2079 1202 2164 perstitissent,

161 2183 258 2248 iubet.
306 2183 393 2248 Data
427 2183 563 2265 singulis
592 2183 788 2248 Lsestcrtia
821 2183 1069 2266 collaudatique,
1107 2185 1201 2266 quod,

160 2287 259 2351 etiam
281 2286 353 2351 aliis
376 2286 495 2351 tradita
510 2287 590 2367 vice,
619 2293 727 2352 tamen
751 2288 911 2352 excubare
927 2295 1224 2384 perseverassem

104 2396 150 2467 23
268 2391 330 2471 Illi,
376 2398 467 2456 tanta
519 2410 575 2474 spe
620 2391 773 2472 destituti,
830 2390 942 2456 domos
987 2392 1115 2457 abeunt.
1162 2394 1203 2456 Et
1221 2415 1255 2466 20

159 2495 259 2559 ceteri
284 2492 418 2576 quidem
441 2495 655 2580 expectabant
682 2494 831 2560 stationis
855 2515 932 2560 suae
955 2502 1098 2560 noctem:
1130 2496 1202 2582 Epi-

158 2617 279 2680 menes,
305 2599 373 2664 sive
397 2598 547 2664 comitate
567 2599 664 2682 regis,
696 2619 759 2682 qua
781 2599 885 2684 ipsum
913 2599 997 2664 iuter
1020 2601 1201 2666 coniuratos

158 2710 342 2787 exceperat,
381 2709 512 2788 repente
550 2709 704 2782 mutatus,
742 2703 810 2768 sive
849 2699 924 2786 quia
962 2704 1085 2789 coeptis
1123 2704 1201 2770 deos

156 2807 289 2872 obstare
327 2807 489 2886 credebat,
524 2807 615 2872 fratri
650 2825 706 2872 suo
741 2807 935 2890 Eurylocho,
973 2829 1067 2891 quem
1105 2816 1202 2874 antea

156 2919 325 2996 expertem
348 2932 420 2976 esse
451 2911 576 2976 consilii
600 2911 753 2990 voluerat,
786 2910 863 2993 quid
885 2920 1063 2996 pararetur,
1086 2913 1198 2998 aperit.

155 3015 316 3081 Omnibus
345 3014 492 3080 Philotae
526 3015 720 3101 supplicium
755 3015 788 3079 in
822 3015 925 3080 oculis
958 3024 1036 3082 erat.
1086 3017 1201 3100 Itaque
1220 3038 1251 3087 21

154 3121 305 3206 protinus
343 3119 433 3184 inicit
471 3119 559 3184 fratri
597 3139 726 3183 manum
764 3126 795 3183 11
833 3120 865 3184 11
898 3120 1020 3203 regiam
1057 3123 1202 3206 pervenit

154 3224 372 3307 excitatisque
396 3223 582 3314 custodibus
614 3223 757 3308 corporis
787 3224 828 3288 ad
859 3224 995 3289 salutern
1025 3225 1111 3308 regis
1134 3246 1201 3310 per-

153 3329 271 3408 tinere,
304 3349 385 3411 quae
420 3329 562 3407 afferret,
592 3327 737 3392 affirmat.
784 3327 826 3390 Et
848 3335 984 3412 tempus,
1015 3348 1077 3410 quo
1108 3350 1201 3394 vene·
1220 3347 1253 3398 aa

153 3439 242 3513 rant,
282 3441 314 3497 et
350 3433 467 3513 vultus,
507 3431 596 3496 haud
635 3423 712 3497 sane
750 3433 852 3496 securi
891 3432 989 3496 animi
1027 3432 1132 3517 index,
1171 3441 1202 3498 et

154 3537 324 3602 maestitia
347 3558 365 3601 e
388 3536 513 3602 duobus
542 3536 674 3601 alterius
696 3536 916 3601 Ptolomaeum
942 3558 980 3601 11
992 3537 1200 3619 Leonnatum,

151 3641 359 3706 excubantes
398 3641 440 3705 ad
477 3640 617 3705 cubiculi
653 3640 758 3719 limen,
797 3641 1026 3705 excitaverunt.
1088 3642 1201 3724 Itaque

148 3745 281 3829 apertis
304 3745 427 3810 foribus
451 3752 482 3810 et
504 3745 623 3809 lumine
658 3745 746 3808 illato
770 3745 908 3830 sopitum
931 3765 1071 3810 mercae
1089 3764 1200 3810 somno

148 3851 301 3915 excitant
323 3871 442 3933 regem.
490 3849 549 3914 Ille
572 3849 726 3934 paulatim
749 3856 854 3914 mente
878 3851 1021 3935 collecta,
1045 3849 1134 3932 'quid
1157 3852 1201 3914 al·
