2976 4322
285 214 349 279 214
685 217 715 283 Q.
736 217 844 271 OURTI
862 217 948 270 RUFI

285 421 444 506 stipitibus
467 422 614 486 arborum
643 423 867 489 admoverant:
898 423 932 486 id
961 423 1103 508 plurimis
1134 430 1166 488 et
1191 423 1324 488 admini-

249 526 389 590 sculum
412 531 443 591 11
466 525 635 609 suffugium
658 533 734 592 erat.
769 527 839 592 Nec
861 527 993 593 fallebat
1008 527 1095 611 ipsos
1111 527 1204 592 morti
1218 529 1324 593 locum

286 629 412 711 eligere,
438 651 509 695 cum
531 630 708 696 immobiles
723 631 828 696 vitalis
845 632 931 696 calor
952 631 1125 714 linqueret:
1150 631 1208 696 sed
1230 639 1324 714 grata

283 741 351 798 erat
373 734 500 818 pigritia
524 755 690 819 corporum
712 734 864 818 fatigatis,
888 756 947 800 nec
969 735 1159 817 recusabant
1178 735 1323 818 extingui

283 837 486 918 quiescendo.
533 839 658 924 Quippe
688 861 752 904 non
785 840 957 905 vehemens
991 839 1097 920 modo,
1134 840 1194 906 sed
1227 839 1324 905 etiam

283 942 429 1026 pertinax
444 943 492 1007 vis
508 943 583 1007 mali
598 943 773 1024 insistebat,
797 943 974 1025 lucemque,
999 945 1143 1008 naturale
1160 944 1323 1028 solacium,

283 1053 410 1129 praeter
431 1053 653 1130 tempestatem
676 1048 763 1112 haud
786 1046 945 1132 disparem
967 1047 1053 1113 nocti
1073 1047 1223 1113 silvarum
1247 1068 1324 1129 quo-

249 1162 344 1231 1111
367 1150 479 1215 umbra
501 1157 730 1236 suppresserat.
776 1151 854 1232 Rex,
874 1172 954 1218 1111
973 1151 1054 1216 11111
1085 1151 1161 1215 1111
1183 1151 1321 1236 patiens,

284 1253 447 1320 circumire
488 1255 614 1337 milites,
649 1255 837 1320 contrahere
872 1256 1045 1342 dispersos,
1078 1257 1217 1321 allevare
1251 1277 1323 1340 pro-

284 1363 410 1439 stratos,
442 1360 609 1425 ostendere
639 1361 750 1445 procul
779 1359 940 1425 evolutum
971 1381 1012 1425 ex
1042 1360 1177 1442 tuguriis
1199 1359 1323 1425 fumum

284 1462 475 1546 hortarique,
514 1471 549 1529 ut
586 1464 731 1550 proxima
768 1485 911 1546 quaeque
946 1464 1084 1547 suffugia
1118 1472 1321 1549 occuparent.

233 1577 265 1628 10
282 1566 352 1630 Nec
374 1569 439 1632 ulla
460 1589 511 1634 res
535 1569 638 1652 magis
669 1568 762 1633 saluti
792 1567 852 1632 fuit
882 1589 977 1650 quam
1003 1567 1089 1650 quod
1111 1567 1321 1652 multiplicato

282 1671 390 1736 labore
425 1672 634 1738 sufficientem
667 1672 768 1752 malis,
804 1673 877 1758 qais
909 1673 971 1756 ipsi
1005 1679 1174 1754 cesserant,
1210 1693 1322 1755 regem

232 1786 263 1836 11
283 1773 429 1840 deserere
460 1775 698 1842 erubescebant.
745 1775 892 1840 Ceterum
922 1775 1082 1842 efficacior
1111 1776 1145 1840 in
1173 1775 1374 1848 1111111111

281 1881 457 1946 necessitas
484 1901 579 1963 quam
608 1880 689 1945 ratio
719 1879 848 1963 frigoris
877 1880 1052 1946 remedium
1081 1879 1210 1945 invenit.
1256 1881 1321 1946 Do-

281 1983 378 2049 labris
417 1985 500 2050 enim
537 1985 634 2050 silvas
669 1989 809 2050 sternere
847 1985 993 2070 aggressi
1030 1984 1150 2069 passim
1187 2005 1322 2050 acervos

232 2102 264 2151 12
283 2094 449 2170 struesque
471 2089 693 2155 accenderunt.
741 2088 923 2154 Continenti
945 2088 1094 2154 incendio
1121 2088 1233 2154 ardere
1257 2110 1322 2154 cre-

284 2193 376 2259 deres
400 2195 523 2275 saltum,
544 2200 576 2258 et
605 2193 659 2258 vix
688 2193 771 2258 inter
800 2191 943 2258 flammas
973 2192 1153 2275 agminibus
1176 2193 1321 2258 relictum

283 2299 395 2363 locum.
442 2299 503 2362 Hic
538 2299 624 2362 calor
658 2297 819 2381 stupentia
855 2297 997 2362 membra
1031 2296 1210 2377 commovit,
1246 2317 1321 2381 pau-

282 2402 431 2484 latimque
455 2402 591 2488 spiritus,
624 2420 718 2483 quem
741 2400 938 2465 continuerat
966 2400 1060 2483 rigor,
1092 2420 1198 2465 meare
1221 2400 1320 2466 libere

232 2513 263 2563 13
283 2506 397 2591 coepit.
443 2504 609 2590 Excepere
629 2505 709 2570 alios
725 2510 810 2570 tecta
824 2504 1038 2585 barbarorum,
1053 2524 1144 2586 quae,
1161 2504 1194 2568 in
1208 2504 1319 2570 ultimo

282 2611 365 2676 saltu
376 2610 496 2694 abdita,
519 2609 694 2676 necessitas
713 2608 979 2691 investigaverat:
1003 2608 1083 2673 alios
1100 2614 1212 2689 castra,
1237 2628 1319 2690 quac

280 2714 313 2777 in
343 2714 472 2778 humido
504 2713 640 2795 quidem,
677 2712 735 2778 sed
763 2713 828 2776 iam
862 2713 942 2777 caeli
976 2712 1154 2777 mitisoente
1185 2711 1320 2777 saevitia

280 2819 474 2884 locaverunt.
521 2819 593 2882 Duo
617 2817 704 2880 milia
726 2817 859 2881 militum
882 2822 977 2898 atque
1003 2817 1137 2882 lixarum
1161 2816 1320 2880 calonum·

231 2929 342 3005 14111
379 2923 479 3006 pestis
515 2922 572 2986 illa
608 2922 813 3006 consumpsit.
870 2920 1042 2986 Memoriae
1075 2919 1235 3005 proditum
1270 2927 1319 2985 est

281 3027 435 3109 quosdam
457 3026 634 3111 applicatos
657 3026 804 3090 arborum
827 3024 946 3090 truncis
970 3025 1196 3106 1111111111
1211 3023 1320 3088 11111-

279 3132 372 3216 tibus,
413 3131 471 3197 sed
501 3130 597 3195 etiam
626 3130 709 3193 inter
745 3149 780 3194 11
814 3129 1067 3211 colloquentibus
1101 3127 1211 3194 similis
1246 3148 1318 3193 esse

280 3243 478 3319 conspectos,
502 3234 633 3299 durante
649 3233 754 3298 adhue
776 3233 897 3314 habitu,
919 3233 952 3296 in
975 3254 1037 3315 quo
1060 3252 1145 3298 mors
1161 3252 1318 3314 quemque

229 3344 261 3393 15
281 3339 501 3423 deprenderat.
548 3339 643 3402 Forte
673 3338 809 3402 Macedo
832 3335 997 3420 gregarius
1027 3337 1127 3421 miles,
1156 3356 1255 3418 seque
1286 3343 1319 3400 11

279 3463 368 3507 1111
389 3444 446 3507 via
469 3449 658 3524 sustentans,
690 3441 852 3507 tamenin
883 3448 988 3508 castra
1017 3445 1222 3526 pervenerat:
1253 3460 1318 3521 quo

279 3547 348 3612 1111
371 3567 436 3628 rex,
461 3567 653 3629 quamquam
675 3547 744 3631 ipse
759 3553 826 3610 tum
841 3545 978 3614 maxime
993 3545 1123 3612 admoto
1138 3544 1213 3626 igne
1235 3543 1319 3608 refo-

279 3652 375 3716 vebat
397 3657 494 3733 artus,
528 3673 567 3716 ex
591 3652 670 3716 sella
701 3671 759 3716 sua
790 3650 899 3714 exiluit
920 3655 1162 3736 torpentemque
1185 3647 1317 3712 militem

280 3762 311 3819 et
344 3755 400 3820 vix
429 3762 609 3838 compotem
637 3754 753 3820 mentis
782 3753 918 3838 demptis
951 3753 1048 3818 armis
1081 3752 1113 3816 in
1147 3772 1205 3817 sua
1238 3750 1317 3816 sede

230 3871 261 3922 16
280 3857 372 3923 iussit
395 3858 570 3924 considere.
617 3859 675 3922 Ille
699 3857 752 3921 diu
775 3877 844 3936 nec,
869 3857 923 3920 ubi
945 3855 1167 3939 requiesceret,
1195 3874 1264 3936 nec,
1296 3876 1317 3920 1
