2970 4322
382 226 633 284 nrsrosmuuut
652 225 867 283 ALEXANDRI
885 225 910 282 x
929 235 953 283 7.
972 233 1009 282 s:
1150 224 1212 293 307

119 437 162 507 26
175 437 360 502 Perdiccam
374 438 456 502 enim
471 438 589 503 vivere.
612 438 715 520 Igitur
734 437 880 502 contione
896 437 1027 501 dimissa
1043 437 1214 517 Meleager,
1234 450 1249 498 7

174 542 317 624 equitum
351 542 488 606 maxime
523 542 703 606 defectione
737 541 923 625 perterritus
953 542 1108 624 inopsque
1146 557 1216 603 con-

172 647 236 710 silii
251 685 294 692 —
311 647 429 731 quippe
452 647 483 710 in
511 647 613 731 ipsum
638 647 814 730 perieulum
843 645 1009 726 reciderat,
1040 644 1126 727 quod
1160 643 1215 706 ini-

173 751 256 814 mico
279 752 375 835 paulo
397 758 471 815 ante
493 751 675 814 intenderat
698 787 739 796 -
762 749 900 814 triduum
928 750 994 815 lere
1018 747 1216 833 consumpsit

173 854 295 918 incerta
332 855 467 919 consilia
495 853 664 918 volvendo.
710 855 751 918 Et
780 853 913 938 pristina
947 853 1075 936 quidem
1105 852 1250 935 regiaes

174 959 298 1043 species
321 959 479 1039 manebat,
503 980 575 1022 nam
599 965 630 1023 et
645 959 752 1040 legati
784 959 926 1041 gentium
949 978 1058 1040 regern
1080 955 1215 1020 adibant

174 1070 207 1126 et
229 1062 504 1148 copiarumduces
527 1063 661 1127 aderant
678 1069 709 1126 et
732 1063 923 1127 vestibulum
940 1063 1093 1128 satellites
1116 1081 1215 1125 arma-

174 1167 262 1248 tique
292 1167 539 1252 compleverant.
586 1165 651 1230 Sed
674 1166 786 1248 ingens
817 1187 875 1231 sua
909 1175 1022 1251 sponte
1055 1166 1249 1232 maestitiae

174 1271 304 1335 ultimae
342 1270 573 1354 desperationis
607 1270 704 1335 index
734 1278 810 1352 erat,
843 1272 1046 1355 suspectique
1079 1270 1216 1335 invicem

175 1394 238 1437 non
262 1375 350 1439 adire
374 1375 512 1459 propius,
536 1395 598 1437 non
622 1375 758 1456 colloqui
774 1375 945 1456 audebant,
969 1384 1109 1441 secretas
1134 1375 1216 1458 cogi-

175 1479 312 1543 tationes
340 1479 422 1542 intra
449 1499 482 1543 se
514 1499 638 1560 quoque
661 1480 827 1544 volvente:
859 1487 890 1544 et
914 1501 954 1544 cx
980 1469 1216 1565 comparatione

175 1583 260 1665 regis
282 1583 355 1646 novi
379 1583 570 1647 desiderium
593 1583 791 1648 excitabatur
810 1584 927 1649 amissi.
954 1584 1017 1649 Ubi
1040 1584 1096 1648 ille
1119 1591 1212 1663 esset,
1236 1605 1268 1653 ro

176 1689 264 1752 euius
280 1687 454 1770 imperium,
473 1687 561 1751 cuius
582 1687 758 1771 auspicium
772 1688 873 1752 secuti
891 1696 989 1767 erant,
1003 1689 1214 1770 requirebant.

176 1790 355 1856 Destitutos
383 1811 417 1856 sc
441 1792 522 1856 inter
551 1790 685 1856 infestas
715 1791 948 1873 indomitasque
978 1800 1099 1875 gentes,
1124 1813 1217 1877 expe-

175 1897 288 1960 tituras
318 1904 364 1960 tot
395 1916 520 1960 suarum
555 1897 694 1960 cladium
724 1915 852 1980 poenas,
886 1898 1076 1979 quandoque
1110 1898 1218 1961 oblata

177 2009 261 2067 esset
284 2002 419 2065 occasio.
455 2001 515 2064 His
538 2001 783 2083 cogitationibus
801 2000 923 2065 animos
940 2002 1128 2083 eredebant,
1146 2022 1217 2066 cum
1238 2023 1266 2069 11

176 2105 380 2170 annuntiatur
414 2106 546 2188 equites,
572 2106 625 2186 qui
652 2106 710 2170 sub
734 2105 887 2170 Perdicca
914 2112 1029 2186 essent,
1054 2107 1216 2190 occupatis

177 2211 261 2274 circa
284 2210 450 2293 Babylona
474 2210 593 2292 campis
609 2209 806 2287 frumentum,
832 2209 916 2291 qnod
939 2210 972 2273 in
994 2211 1104 2276 urbem
1125 2211 1218 2276 vehe-

178 2317 277 2394 batur,
306 2314 484 2379 retinuisse.
529 2313 640 2395 Itaque
670 2314 777 2396 inopia
803 2314 946 2398 primum,
971 2314 1087 2380 deinde
1117 2316 1218 2380 fames
1238 2335 1269 2383 12

177 2439 248 2482 esse
279 2418 392 2501 coepit,
416 2425 456 2498 ct,
485 2418 537 2499 qui
568 2417 601 2480 in
631 2418 708 2482 urbe
739 2429 836 2498 erant,
865 2425 920 2481 aut
950 2419 1218 2484 reconciliandam

178 2543 249 2586 cum
272 2521 426 2586 Perdicca
452 2522 585 2604 gratiam
610 2529 664 2585 aut
687 2522 781 2586 armis
809 2522 992 2586 certandum
1016 2542 1087 2588 esse
1111 2543 1219 2588 cense-

178 2627 264 2690 bant.
311 2627 405 2690 Parte
428 2625 474 2688 ita
499 2625 666 2704 acciderat,
691 2631 733 2705 ut,
758 2625 811 2707 qui
835 2627 867 2688 in
891 2626 976 2707 agris
999 2633 1097 2707 erant,
1121 2649 1217 2712 popu·
1238 2648 1269 2696 13

178 2730 329 2794 lationem
342 2730 486 2793 villarum
500 2729 703 2810 vicorumque
719 2729 809 2793 veriti
828 2727 1034 2810 confugerent
1051 2732 1082 2794 in
1098 2733 1217 2811 urbem,

179 2833 341 2918 oppidani,
359 2855 430 2898 cum
452 2833 540 2916 ipsos
559 2833 712 2899 alimenta
734 2833 914 2912 delicerent,
931 2836 1115 2899 accederent
1130 2838 1217 2917 urbe,

179 2945 210 3003 et
229 2939 352 3020 utrique
369 2938 477 3020 generi
501 2937 604 3020 potior
618 2937 725 3000 aliena
747 2937 839 3002 sedes
860 2957 954 3018 quam
977 2959 1034 3002 sua
1050 2941 1216 3006 videretur.

128 3048 169 3119 27
183 3042 322 3118 Quorum
359 3042 644 3106 consternationem
682 3042 873 3106 Macedones
903 3043 994 3107 veriti
1029 3045 1061 3108 in
1099 3047 1218 3128 regiam
1239 3063 1270 3110 14

180 3153 302 3225 coeunt,
320 3166 463 3228 (praeque
480 3146 619 3229 ipsorum
635 3147 792 3210 sententia
808 3153 902 3225 esset,
916 3157 1085 3232 exponunt.
1112 3152 1220 3216 Place-

180 3251 235 3314 bat
257 3257 361 3313 autem
386 3251 509 3331 legatos
524 3249 566 3312 ad
590 3249 712 3330 equites
734 3250 816 3314 mitti
840 3249 880 3314 dc
903 3251 1041 3316 finienda
1061 3253 1220 3320 discordia

180 3355 339 3436 amnisque
355 3353 519 3438 ponendis.
545 3354 644 3436 Igitur
660 3374 680 3416 a
695 3375 770 3435 rege
790 3355 913 3437 legatur
929 3358 1028 3421 Pasas
1044 3359 1218 3424 'Phessalus
1240 3376 1270 3424 15

181 3466 212 3523 et
236 3458 383 3522 Amissus
406 3458 694 3542 Megalopolitanus
718 3465 749 3522 et
772 3459 931 3524 Perilaus:
958 3462 1010 3542 qui
1039 3483 1109 3526 cum
1137 3486 1219 3527 man-

181 3563 257 3627 data
280 3563 363 3645 regis
388 3562 572 3642 edidissent,
596 3584 658 3624 nou
683 3563 776 3627 aliter
794 3564 951 3646 posituros
975 3587 1063 3630 arma
1086 3568 1218 3649 equites,

181 3687 275 3749 quam
306 3667 331 3731 si
359 3688 416 3731 rex
450 3667 627 3731 discordiae
658 3675 802 3731 auctores
833 3667 1018 3750 dedidisset,
1044 3673 1144 3736 tulere
1175 3695 1219 3736 re-

181 3792 339 3856 sponsum.
365 3772 423 3834 His
447 3771 634 3836 renuntiatis
650 3793 707 3835 sua
720 3780 834 3855 sponte
848 3795 936 3838 arma
951 3775 1068 3840 milites
1081 3778 1217 3861 capiunt.
1241 3792 1271 3840 ro

181 3877 320 3952 Quorum
343 3877 479 3939 tumultu
495 3896 512 3938 c
529 3877 616 3957 regia
628 3876 799 3959 vPhilippus
817 3877 948 3957 excitus,
969 3879 1089 3959 ‘Nihil’
1107 3882 1217 3962 iuquit,

1065 4004 1114 4054 20*
