<?xml version="1.0" encoding="UTF-8"?>
<!DOCTYPE html PUBLIC "-//W3C//DTD XHTML 1.0 Transitional//EN"
    "http://www.w3.org/TR/xhtml1/DTD/xhtml1-transitional.dtd">
<html xmlns="http://www.w3.org/1999/xhtml" xml:lang="en" lang="en">
 <head>
  <title>
</title>
<meta http-equiv="Content-Type" content="text/html;charset=utf-8" />
  <meta name='ocr-system' content='tesseract 3.04.00' />
  <meta name='ocr-capabilities' content='ocr_page ocr_carea ocr_par ocr_line ocrx_word'/>
</head>
<body>
  <div class='ocr_page' id='page_1' title='image "./qcurtirufihisto00stangoog_0275.png"; bbox 0 0 2976 4322; ppageno 0'>
   <div class='ocr_carea' id='block_1_1' title="bbox 196 183 948 253">
    <p class='ocr_par' dir='ltr' id='par_1_1' title="bbox 196 183 948 253">
     <span class='ocr_line' id='line_1_1' title="bbox 196 183 948 253; baseline -0.009 -6"><span class='ocrx_word' id='word_1_1' title='bbox 196 195 205 238; x_wconf 77' lang='lat' dir='ltr'>l</span> <span class='ocrx_word' id='word_1_2' title='bbox 296 183 359 246; x_wconf 79' lang='grc'>242</span> <span class='ocrx_word' id='word_1_3' title='bbox 684 187 714 253; x_wconf 73' lang='lat' dir='ltr'>Q.</span> <span class='ocrx_word' id='word_1_4' title='bbox 735 186 844 242; x_wconf 83' lang='lat' dir='ltr'>OURTI</span> <span class='ocrx_word' id='word_1_5' title='bbox 861 188 948 242; x_wconf 90' lang='lat' dir='ltr'>RUFI</span> 
     </span>
    </p>
   </div>
   <div class='ocr_carea' id='block_1_2' title="bbox 243 389 1388 3910">
    <p class='ocr_par' dir='ltr' id='par_1_2' title="bbox 243 389 1388 3910">
     <span class='ocr_line' id='line_1_2' title="bbox 293 389 1339 478; baseline 0.007 -25"><span class='ocrx_word' id='word_1_6' title='bbox 293 389 362 454; x_wconf 90' lang='lat' dir='ltr'>bus.</span> <span class='ocrx_word' id='word_1_7' title='bbox 397 390 498 455; x_wconf 85' lang='lat' dir='ltr'>Senos</span> <span class='ocrx_word' id='word_1_8' title='bbox 521 390 605 456; x_wconf 89' lang='lat' dir='ltr'>viros</span> <span class='ocrx_word' id='word_1_9' title='bbox 628 392 744 474; x_wconf 84' lang='lat' dir='ltr'>singuli</span> <span class='ocrx_word' id='word_1_10' title='bbox 766 391 936 472; x_wconf 82' lang='lat' dir='ltr'>vehebant,</span> <span class='ocrx_word' id='word_1_11' title='bbox 960 392 1040 458; x_wconf 91' lang='lat' dir='ltr'>duos</span> <span class='ocrx_word' id='word_1_12' title='bbox 1066 393 1229 478; x_wconf 86' lang='lat' dir='ltr'>clipeatos,</span> <span class='ocrx_word' id='word_1_13' title='bbox 1254 394 1339 460; x_wconf 91' lang='lat' dir='ltr'>duos</span> 
     </span>
     <span class='ocr_line' id='line_1_3' title="bbox 259 493 1339 581; baseline 0.008 -27"><span class='ocrx_word' id='word_1_14' title='bbox 259 493 487 576; x_wconf 75' lang='lat' dir='ltr'>esagittarios</span> <span class='ocrx_word' id='word_1_15' title='bbox 510 495 551 560; x_wconf 91' lang='lat' dir='ltr'>ab</span> <span class='ocrx_word' id='word_1_16' title='bbox 581 502 715 578; x_wconf 89' lang='lat' dir='ltr'>utroque</span> <span class='ocrx_word' id='word_1_17' title='bbox 745 496 844 562; x_wconf 91' lang='lat' dir='ltr'>latere</span> <span class='ocrx_word' id='word_1_18' title='bbox 874 495 1065 580; x_wconf 90' lang='lat' dir='ltr'>dispositos:</span> <span class='ocrx_word' id='word_1_19' title='bbox 1091 498 1222 581; x_wconf 79' lang='lat' dir='ltr'>aurigae</span> <span class='ocrx_word' id='word_1_20' title='bbox 1246 506 1339 564; x_wconf 89' lang='lat' dir='ltr'>erant</span> 
     </span>
     <span class='ocr_line' id='line_1_4' title="bbox 293 596 1338 686; baseline 0.005 -25"><span class='ocrx_word' id='word_1_21' title='bbox 293 596 398 678; x_wconf 89' lang='lat' dir='ltr'>ceteri,</span> <span class='ocrx_word' id='word_1_22' title='bbox 424 598 509 662; x_wconf 90' lang='lat' dir='ltr'>haud</span> <span class='ocrx_word' id='word_1_23' title='bbox 537 619 615 664; x_wconf 89' lang='lat' dir='ltr'>sane</span> <span class='ocrx_word' id='word_1_24' title='bbox 644 599 790 681; x_wconf 91' lang='lat' dir='ltr'>inermes,</span> <span class='ocrx_word' id='word_1_25' title='bbox 816 600 935 685; x_wconf 90' lang='lat' dir='ltr'>quippe</span> <span class='ocrx_word' id='word_1_26' title='bbox 957 601 1063 666; x_wconf 87' lang='lat' dir='ltr'>iacula</span> <span class='ocrx_word' id='word_1_27' title='bbox 1085 603 1260 686; x_wconf 88' lang='lat' dir='ltr'>complura,</span> <span class='ocrx_word' id='word_1_28' title='bbox 1280 603 1338 668; x_wconf 94' lang='lat' dir='ltr'>ubi</span> 
     </span>
     <span class='ocr_line' id='line_1_5' title="bbox 293 701 1338 787; baseline 0.006 -23"><span class='ocrx_word' id='word_1_29' title='bbox 293 701 468 766; x_wconf 89' lang='lat' dir='ltr'>comminus</span> <span class='ocrx_word' id='word_1_30' title='bbox 498 703 718 787; x_wconf 90' lang='lat' dir='ltr'>proeliandum</span> <span class='ocrx_word' id='word_1_31' title='bbox 748 711 825 784; x_wconf 90' lang='lat' dir='ltr'>erat,</span> <span class='ocrx_word' id='word_1_32' title='bbox 849 704 976 770; x_wconf 88' lang='lat' dir='ltr'>omissis</span> <span class='ocrx_word' id='word_1_33' title='bbox 1000 704 1133 771; x_wconf 81' lang='lat' dir='ltr'>habenis</span> <span class='ocrx_word' id='word_1_34' title='bbox 1155 706 1188 771; x_wconf 93' lang='lat' dir='ltr'>in</span> <span class='ocrx_word' id='word_1_35' title='bbox 1210 705 1338 772; x_wconf 85' lang='lat' dir='ltr'>hostem</span> 
     </span>
     <span class='ocr_line' id='line_1_6' title="bbox 258 803 1338 888; baseline 0.01 -23"><span class='ocrx_word' id='word_1_36' title='bbox 258 803 486 888; x_wconf 76' lang='lat' dir='ltr'>tingerebant.</span> <span class='ocrx_word' id='word_1_37' title='bbox 510 807 659 872; x_wconf 79' lang='lat' dir='ltr'>Ceterum</span> <span class='ocrx_word' id='word_1_38' title='bbox 682 807 738 872; x_wconf 90' lang='lat' dir='ltr'>vix</span> <span class='ocrx_word' id='word_1_39' title='bbox 760 808 845 872; x_wconf 91' lang='lat' dir='ltr'>ullus</span> <span class='ocrx_word' id='word_1_40' title='bbox 868 827 945 873; x_wconf 88' lang='lat' dir='ltr'>usus</span> <span class='ocrx_word' id='word_1_41' title='bbox 970 808 1064 873; x_wconf 90' lang='lat' dir='ltr'>huius</span> <span class='ocrx_word' id='word_1_42' title='bbox 1082 810 1196 874; x_wconf 79' lang='lat' dir='ltr'>auxilii</span> <span class='ocrx_word' id='word_1_43' title='bbox 1219 831 1258 876; x_wconf 91' lang='lat' dir='ltr'>eo</span> <span class='ocrx_word' id='word_1_44' title='bbox 1282 810 1338 876; x_wconf 88' lang='lat' dir='ltr'>die</span> 
     </span>
     <span class='ocr_line' id='line_1_7' title="bbox 292 907 1338 995; baseline 0.007 -23"><span class='ocrx_word' id='word_1_45' title='bbox 292 907 362 972; x_wconf 84' lang='lat' dir='ltr'>fuit.</span> <span class='ocrx_word' id='word_1_46' title='bbox 409 909 565 992; x_wconf 89' lang='lat' dir='ltr'>Namque,</span> <span class='ocrx_word' id='word_1_47' title='bbox 601 915 636 975; x_wconf 93' lang='lat' dir='ltr'>ut</span> <span class='ocrx_word' id='word_1_48' title='bbox 665 930 761 995; x_wconf 89' lang='lat' dir='ltr'>supra</span> <span class='ocrx_word' id='word_1_49' title='bbox 795 909 915 976; x_wconf 92' lang='lat' dir='ltr'>dictum</span> <span class='ocrx_word' id='word_1_50' title='bbox 945 919 1002 994; x_wconf 89' lang='lat' dir='ltr'>est,</span> <span class='ocrx_word' id='word_1_51' title='bbox 1028 913 1131 980; x_wconf 85' lang='lat' dir='ltr'>imber</span> <span class='ocrx_word' id='word_1_52' title='bbox 1164 914 1338 979; x_wconf 86' lang='lat' dir='ltr'>violentius</span> 
     </span>
     <span class='ocr_line' id='line_1_8' title="bbox 293 1013 1336 1099; baseline 0.007 -23"><span class='ocrx_word' id='word_1_53' title='bbox 293 1032 388 1094; x_wconf 89' lang='lat' dir='ltr'>quam</span> <span class='ocrx_word' id='word_1_54' title='bbox 410 1013 490 1079; x_wconf 88' lang='lat' dir='ltr'>alias</span> <span class='ocrx_word' id='word_1_55' title='bbox 506 1015 596 1080; x_wconf 89' lang='lat' dir='ltr'>fusus</span> <span class='ocrx_word' id='word_1_56' title='bbox 612 1034 744 1099; x_wconf 90' lang='lat' dir='ltr'>campos</span> <span class='ocrx_word' id='word_1_57' title='bbox 760 1015 897 1081; x_wconf 89' lang='lat' dir='ltr'>lubricos</span> <span class='ocrx_word' id='word_1_58' title='bbox 913 1023 944 1082; x_wconf 87' lang='lat' dir='ltr'>et</span> <span class='ocrx_word' id='word_1_59' title='bbox 963 1017 1186 1099; x_wconf 83' lang='lat' dir='ltr'>inequitabiles</span> <span class='ocrx_word' id='word_1_60' title='bbox 1203 1019 1336 1099; x_wconf 89' lang='lat' dir='ltr'>fecerat,</span> 
     </span>
     <span class='ocr_line' id='line_1_9' title="bbox 292 1119 1339 1202; baseline 0.008 -22"><span class='ocrx_word' id='word_1_61' title='bbox 292 1135 469 1200; x_wconf 89' lang='lat' dir='ltr'>gravesque</span> <span class='ocrx_word' id='word_1_62' title='bbox 493 1126 524 1184; x_wconf 90' lang='lat' dir='ltr'>et</span> <span class='ocrx_word' id='word_1_63' title='bbox 554 1119 783 1202; x_wconf 90' lang='lat' dir='ltr'>propemodum</span> <span class='ocrx_word' id='word_1_64' title='bbox 812 1119 990 1185; x_wconf 85' lang='lat' dir='ltr'>immobiles</span> <span class='ocrx_word' id='word_1_65' title='bbox 1021 1141 1130 1186; x_wconf 88' lang='lat' dir='ltr'>currus</span> <span class='ocrx_word' id='word_1_66' title='bbox 1160 1121 1272 1188; x_wconf 88' lang='lat' dir='ltr'>illuvie</span> <span class='ocrx_word' id='word_1_67' title='bbox 1298 1143 1339 1188; x_wconf 86' lang='lat' dir='ltr'>ac</span> 
     </span>
     <span class='ocr_line' id='line_1_10' title="bbox 258 1221 1338 1309; baseline 0.008 -27"><span class='ocrx_word' id='word_1_68' title='bbox 258 1221 500 1302; x_wconf 89' lang='lat' dir='ltr'>5voraginibus</span> <span class='ocrx_word' id='word_1_69' title='bbox 529 1223 713 1288; x_wconf 90' lang='lat' dir='ltr'>haerebant.</span> <span class='ocrx_word' id='word_1_70' title='bbox 757 1221 877 1286; x_wconf 81' lang='lat' dir='ltr'>Contra</span> <span class='ocrx_word' id='word_1_71' title='bbox 899 1221 1085 1290; x_wconf 81' lang='lat' dir='ltr'>Alexander</span> <span class='ocrx_word' id='word_1_72' title='bbox 1115 1225 1266 1309; x_wconf 89' lang='lat' dir='ltr'>expedito</span> <span class='ocrx_word' id='word_1_73' title='bbox 1297 1247 1338 1291; x_wconf 91' lang='lat' dir='ltr'>ac</span> 
     </span>
     <span class='ocr_line' id='line_1_11' title="bbox 292 1325 1336 1412; baseline 0.007 -24"><span class='ocrx_word' id='word_1_74' title='bbox 292 1325 354 1389; x_wconf 90' lang='lat' dir='ltr'>levi</span> <span class='ocrx_word' id='word_1_75' title='bbox 377 1326 504 1408; x_wconf 82' lang='lat' dir='ltr'>agmine</span> <span class='ocrx_word' id='word_1_76' title='bbox 538 1333 665 1392; x_wconf 91' lang='lat' dir='ltr'>strenue</span> <span class='ocrx_word' id='word_1_77' title='bbox 698 1328 843 1392; x_wconf 89' lang='lat' dir='ltr'>invectus</span> <span class='ocrx_word' id='word_1_78' title='bbox 877 1335 937 1393; x_wconf 90' lang='lat' dir='ltr'>est.</span> <span class='ocrx_word' id='word_1_79' title='bbox 983 1327 1125 1412; x_wconf 84' lang='lat' dir='ltr'>Scythae</span> <span class='ocrx_word' id='word_1_80' title='bbox 1157 1337 1188 1395; x_wconf 92' lang='lat' dir='ltr'>et</span> <span class='ocrx_word' id='word_1_81' title='bbox 1219 1331 1336 1396; x_wconf 88' lang='lat' dir='ltr'>Dahae</span> 
     </span>
     <span class='ocr_line' id='line_1_12' title="bbox 291 1431 1337 1513; baseline 0.007 -20"><span class='ocrx_word' id='word_1_82' title='bbox 291 1431 382 1513; x_wconf 89' lang='lat' dir='ltr'>primi</span> <span class='ocrx_word' id='word_1_83' title='bbox 418 1432 558 1496; x_wconf 91' lang='lat' dir='ltr'>omnium</span> <span class='ocrx_word' id='word_1_84' title='bbox 587 1432 732 1498; x_wconf 89' lang='lat' dir='ltr'>invasere</span> <span class='ocrx_word' id='word_1_85' title='bbox 762 1432 869 1511; x_wconf 88' lang='lat' dir='ltr'>Indos,</span> <span class='ocrx_word' id='word_1_86' title='bbox 897 1431 1082 1498; x_wconf 79' lang='lat' dir='ltr'>Perdiccam</span> <span class='ocrx_word' id='word_1_87' title='bbox 1118 1434 1234 1500; x_wconf 91' lang='lat' dir='ltr'>deinde</span> <span class='ocrx_word' id='word_1_88' title='bbox 1266 1457 1337 1500; x_wconf 91' lang='lat' dir='ltr'>cum</span> 
     </span>
     <span class='ocr_line' id='line_1_13' title="bbox 257 1535 1336 1622; baseline 0.011 -29"><span class='ocrx_word' id='word_1_89' title='bbox 257 1544 273 1593; x_wconf 82' lang='lat'>6</span> <span class='ocrx_word' id='word_1_90' title='bbox 292 1535 451 1616; x_wconf 90' lang='lat' dir='ltr'>equitibus</span> <span class='ocrx_word' id='word_1_91' title='bbox 474 1536 506 1600; x_wconf 92' lang='lat' dir='ltr'>in</span> <span class='ocrx_word' id='word_1_92' title='bbox 531 1536 675 1601; x_wconf 88' lang='lat' dir='ltr'>dextrum</span> <span class='ocrx_word' id='word_1_93' title='bbox 693 1556 789 1601; x_wconf 89' lang='lat' dir='ltr'>cornu</span> <span class='ocrx_word' id='word_1_94' title='bbox 805 1535 945 1600; x_wconf 91' lang='lat' dir='ltr'>hostium</span> <span class='ocrx_word' id='word_1_95' title='bbox 968 1537 1081 1603; x_wconf 89' lang='lat' dir='ltr'>emisit.</span> <span class='ocrx_word' id='word_1_96' title='bbox 1106 1539 1174 1602; x_wconf 90' lang='lat' dir='ltr'>Iam</span> <span class='ocrx_word' id='word_1_97' title='bbox 1196 1538 1336 1622; x_wconf 90' lang='lat' dir='ltr'>undique</span> 
     </span>
     <span class='ocr_line' id='line_1_14' title="bbox 291 1639 1335 1725; baseline 0.005 -22"><span class='ocrx_word' id='word_1_98' title='bbox 291 1659 400 1723; x_wconf 86' lang='lat' dir='ltr'>pugna</span> <span class='ocrx_word' id='word_1_99' title='bbox 422 1659 455 1704; x_wconf 90' lang='lat' dir='ltr'>se</span> <span class='ocrx_word' id='word_1_100' title='bbox 486 1646 637 1719; x_wconf 90' lang='lat' dir='ltr'>moverat,</span> <span class='ocrx_word' id='word_1_101' title='bbox 673 1659 745 1704; x_wconf 88' lang='lat' dir='ltr'>cum</span> <span class='ocrx_word' id='word_1_102' title='bbox 779 1639 810 1718; x_wconf 93' lang='lat' dir='ltr'>ii,</span> <span class='ocrx_word' id='word_1_103' title='bbox 846 1640 900 1722; x_wconf 91' lang='lat' dir='ltr'>qui</span> <span class='ocrx_word' id='word_1_104' title='bbox 935 1660 1045 1705; x_wconf 91' lang='lat' dir='ltr'>currus</span> <span class='ocrx_word' id='word_1_105' title='bbox 1079 1643 1229 1725; x_wconf 84' lang='lat' dir='ltr'>agebant,</span> <span class='ocrx_word' id='word_1_106' title='bbox 1254 1644 1335 1708; x_wconf 89' lang='lat' dir='ltr'>illud</span> 
     </span>
     <span class='ocr_line' id='line_1_15' title="bbox 293 1733 1336 1812; baseline 0.007 -7"><span class='ocrx_word' id='word_1_107' title='bbox 293 1742 437 1807; x_wconf 92' lang='lat' dir='ltr'>ultimum</span> <span class='ocrx_word' id='word_1_108' title='bbox 453 1743 604 1808; x_wconf 86' lang='lat' dir='ltr'>auxilium</span> <span class='ocrx_word' id='word_1_109' title='bbox 628 1763 756 1808; x_wconf 91' lang='lat' dir='ltr'>suorum</span> <span class='ocrx_word' id='word_1_110' title='bbox 771 1744 832 1808; x_wconf 89' lang='lat' dir='ltr'>rati</span> <span class='ocrx_word' id='word_1_111' title='bbox 856 1743 967 1810; x_wconf 88' lang='lat' dir='ltr'>effusis</span> <span class='ocrx_word' id='word_1_112' title='bbox 988 1745 1122 1811; x_wconf 88' lang='lat' dir='ltr'>habenis</span> <span class='ocrx_word' id='word_1_113' title='bbox 1144 1747 1177 1810; x_wconf 92' lang='lat' dir='ltr'>in</span> <span class='ocrx_word' id='word_1_114' title='bbox 1196 1733 1336 1812; x_wconf 89' lang='lat' dir='ltr'>medium</span> 
     </span>
     <span class='ocr_line' id='line_1_16' title="bbox 258 1847 1336 1935; baseline 0.01 -29"><span class='ocrx_word' id='word_1_115' title='bbox 258 1847 464 1913; x_wconf 84' lang='lat' dir='ltr'>7discrimen</span> <span class='ocrx_word' id='word_1_116' title='bbox 486 1869 576 1914; x_wconf 90' lang='lat' dir='ltr'>ruere</span> <span class='ocrx_word' id='word_1_117' title='bbox 603 1856 781 1932; x_wconf 89' lang='lat' dir='ltr'>coeperunt.</span> <span class='ocrx_word' id='word_1_118' title='bbox 830 1848 957 1933; x_wconf 87' lang='lat' dir='ltr'>Anceps</span> <span class='ocrx_word' id='word_1_119' title='bbox 987 1849 1022 1913; x_wconf 94' lang='lat' dir='ltr'>id</span> <span class='ocrx_word' id='word_1_120' title='bbox 1051 1850 1169 1915; x_wconf 90' lang='lat' dir='ltr'>malum</span> <span class='ocrx_word' id='word_1_121' title='bbox 1192 1851 1336 1935; x_wconf 90' lang='lat' dir='ltr'>utrisque</span> 
     </span>
     <span class='ocr_line' id='line_1_17' title="bbox 294 1952 1334 2039; baseline 0.006 -22"><span class='ocrx_word' id='word_1_122' title='bbox 294 1959 371 2017; x_wconf 89' lang='lat' dir='ltr'>erat.</span> <span class='ocrx_word' id='word_1_123' title='bbox 408 1953 490 2016; x_wconf 91' lang='lat' dir='ltr'>Nam</span> <span class='ocrx_word' id='word_1_124' title='bbox 513 1960 544 2018; x_wconf 92' lang='lat' dir='ltr'>et</span> <span class='ocrx_word' id='word_1_125' title='bbox 567 1952 777 2018; x_wconf 91' lang='lat' dir='ltr'>Macedonum</span> <span class='ocrx_word' id='word_1_126' title='bbox 798 1952 925 2036; x_wconf 87' lang='lat' dir='ltr'>pedites</span> <span class='ocrx_word' id='word_1_127' title='bbox 948 1953 1049 2038; x_wconf 90' lang='lat' dir='ltr'>primo</span> <span class='ocrx_word' id='word_1_128' title='bbox 1071 1954 1190 2039; x_wconf 90' lang='lat' dir='ltr'>impetu</span> <span class='ocrx_word' id='word_1_129' title='bbox 1214 1956 1334 2023; x_wconf 91' lang='lat' dir='ltr'>obtere-</span> 
     </span>
     <span class='ocr_line' id='line_1_18' title="bbox 293 2056 1335 2142; baseline 0.007 -22"><span class='ocrx_word' id='word_1_130' title='bbox 293 2057 410 2120; x_wconf 88' lang='lat' dir='ltr'>bantur</span> <span class='ocrx_word' id='word_1_131' title='bbox 432 2063 464 2122; x_wconf 89' lang='lat' dir='ltr'>et</span> <span class='ocrx_word' id='word_1_132' title='bbox 487 2078 544 2142; x_wconf 89' lang='lat' dir='ltr'>per</span> <span class='ocrx_word' id='word_1_133' title='bbox 558 2057 681 2122; x_wconf 90' lang='lat' dir='ltr'>lubrica</span> <span class='ocrx_word' id='word_1_134' title='bbox 697 2063 792 2138; x_wconf 90' lang='lat' dir='ltr'>atque</span> <span class='ocrx_word' id='word_1_135' title='bbox 815 2057 902 2121; x_wconf 91' lang='lat' dir='ltr'>invia</span> <span class='ocrx_word' id='word_1_136' title='bbox 924 2056 1056 2123; x_wconf 89' lang='lat' dir='ltr'>immissi</span> <span class='ocrx_word' id='word_1_137' title='bbox 1072 2079 1182 2124; x_wconf 90' lang='lat' dir='ltr'>currus</span> <span class='ocrx_word' id='word_1_138' title='bbox 1198 2061 1335 2127; x_wconf 87' lang='lat' dir='ltr'>excutie-</span> 
     </span>
     <span class='ocr_line' id='line_1_19' title="bbox 259 2159 1335 2246; baseline 0.01 -29"><span class='ocrx_word' id='word_1_139' title='bbox 259 2159 371 2224; x_wconf 82' lang='lat' dir='ltr'>8bant</span> <span class='ocrx_word' id='word_1_140' title='bbox 394 2180 504 2241; x_wconf 89' lang='lat' dir='ltr'>eos,.a</span> <span class='ocrx_word' id='word_1_141' title='bbox 526 2160 641 2242; x_wconf 90' lang='lat' dir='ltr'>quibus</span> <span class='ocrx_word' id='word_1_142' title='bbox 656 2160 864 2243; x_wconf 88' lang='lat' dir='ltr'>regebantur:</span> <span class='ocrx_word' id='word_1_143' title='bbox 888 2161 1023 2226; x_wconf 87' lang='lat' dir='ltr'>aliorum</span> <span class='ocrx_word' id='word_1_144' title='bbox 1044 2162 1158 2228; x_wconf 89' lang='lat' dir='ltr'>turbati</span> <span class='ocrx_word' id='word_1_145' title='bbox 1182 2164 1256 2246; x_wconf 91' lang='lat' dir='ltr'>equi</span> <span class='ocrx_word' id='word_1_146' title='bbox 1272 2186 1335 2230; x_wconf 90' lang='lat' dir='ltr'>non</span> 
     </span>
     <span class='ocr_line' id='line_1_20' title="bbox 293 2265 1335 2348; baseline 0.006 -19"><span class='ocrx_word' id='word_1_147' title='bbox 293 2265 325 2329; x_wconf 93' lang='lat' dir='ltr'>in</span> <span class='ocrx_word' id='word_1_148' title='bbox 360 2265 530 2348; x_wconf 85' lang='lat' dir='ltr'>voragines</span> <span class='ocrx_word' id='word_1_149' title='bbox 560 2265 655 2330; x_wconf 91' lang='lat' dir='ltr'>modo</span> <span class='ocrx_word' id='word_1_150' title='bbox 694 2266 897 2347; x_wconf 85' lang='lat' dir='ltr'>lacunasque,</span> <span class='ocrx_word' id='word_1_151' title='bbox 929 2265 987 2331; x_wconf 89' lang='lat' dir='ltr'>sed</span> <span class='ocrx_word' id='word_1_152' title='bbox 1016 2267 1113 2330; x_wconf 90' lang='lat' dir='ltr'>etiam</span> <span class='ocrx_word' id='word_1_153' title='bbox 1142 2267 1174 2332; x_wconf 90' lang='lat' dir='ltr'>in</span> <span class='ocrx_word' id='word_1_154' title='bbox 1209 2289 1335 2335; x_wconf 89' lang='lat' dir='ltr'>amnem</span> 
     </span>
     <span class='ocr_line' id='line_1_21' title="bbox 258 2368 1332 2455; baseline 0.004 -21"><span class='ocrx_word' id='word_1_155' title='bbox 258 2369 545 2454; x_wconf 77' lang='lat' dir='ltr'>spraecipitavere</span> <span class='ocrx_word' id='word_1_156' title='bbox 582 2368 750 2433; x_wconf 91' lang='lat' dir='ltr'>curricula.</span> <span class='ocrx_word' id='word_1_157' title='bbox 803 2369 910 2450; x_wconf 91' lang='lat' dir='ltr'>Pauci,</span> <span class='ocrx_word' id='word_1_158' title='bbox 941 2370 1014 2435; x_wconf 90' lang='lat' dir='ltr'>telis</span> <span class='ocrx_word' id='word_1_159' title='bbox 1052 2369 1191 2435; x_wconf 91' lang='lat' dir='ltr'>hostium</span> <span class='ocrx_word' id='word_1_160' title='bbox 1217 2374 1332 2455; x_wconf 83' lang='lat' dir='ltr'>exacti,</span> 
     </span>
     <span class='ocr_line' id='line_1_22' title="bbox 294 2473 1388 2558; baseline 0.004 -20"><span class='ocrx_word' id='word_1_161' title='bbox 294 2479 499 2558; x_wconf 89' lang='lat' dir='ltr'>penetravere</span> <span class='ocrx_word' id='word_1_162' title='bbox 520 2473 562 2536; x_wconf 94' lang='lat' dir='ltr'>ad</span> <span class='ocrx_word' id='word_1_163' title='bbox 585 2473 711 2552; x_wconf 90' lang='lat' dir='ltr'>Porum,</span> <span class='ocrx_word' id='word_1_164' title='bbox 734 2473 886 2538; x_wconf 88' lang='lat' dir='ltr'>acerrime</span> <span class='ocrx_word' id='word_1_165' title='bbox 901 2493 1041 2558; x_wconf 91' lang='lat' dir='ltr'>pugnam</span> <span class='ocrx_word' id='word_1_166' title='bbox 1057 2474 1201 2540; x_wconf 88' lang='lat' dir='ltr'>cientem.</span> <span class='ocrx_word' id='word_1_167' title='bbox 1244 2477 1277 2541; x_wconf 92' lang='lat' dir='ltr'>Is</span> <span class='ocrx_word' id='word_1_168' title='bbox 1299 2477 1388 2549; x_wconf 80' lang='lat' dir='ltr'>ut48</span> 
     </span>
     <span class='ocr_line' id='line_1_23' title="bbox 295 2576 1334 2664; baseline 0.007 -24"><span class='ocrx_word' id='word_1_169' title='bbox 295 2576 467 2660; x_wconf 88' lang='lat' dir='ltr'>dissipatos</span> <span class='ocrx_word' id='word_1_170' title='bbox 494 2583 561 2640; x_wconf 89' lang='lat' dir='ltr'>tota</span> <span class='ocrx_word' id='word_1_171' title='bbox 583 2577 651 2642; x_wconf 90' lang='lat' dir='ltr'>acie</span> <span class='ocrx_word' id='word_1_172' title='bbox 682 2595 791 2640; x_wconf 87' lang='lat' dir='ltr'>currus</span> <span class='ocrx_word' id='word_1_173' title='bbox 815 2576 926 2659; x_wconf 90' lang='lat' dir='ltr'>vagari</span> <span class='ocrx_word' id='word_1_174' title='bbox 956 2577 1024 2642; x_wconf 91' lang='lat' dir='ltr'>sine</span> <span class='ocrx_word' id='word_1_175' title='bbox 1046 2578 1222 2644; x_wconf 87' lang='lat' dir='ltr'>rectoribus</span> <span class='ocrx_word' id='word_1_176' title='bbox 1244 2580 1334 2664; x_wconf 90' lang='lat' dir='ltr'>vidit,</span> 
     </span>
     <span class='ocr_line' id='line_1_24' title="bbox 243 2680 1335 2770; baseline 0.005 -25"><span class='ocrx_word' id='word_1_177' title='bbox 243 2697 275 2746; x_wconf 87' lang='lat'>10</span> <span class='ocrx_word' id='word_1_178' title='bbox 295 2681 445 2765; x_wconf 84' lang='lat' dir='ltr'>proximis</span> <span class='ocrx_word' id='word_1_179' title='bbox 469 2681 641 2746; x_wconf 90' lang='lat' dir='ltr'>amicorum</span> <span class='ocrx_word' id='word_1_180' title='bbox 666 2680 826 2746; x_wconf 87' lang='lat' dir='ltr'>distribuit</span> <span class='ocrx_word' id='word_1_181' title='bbox 857 2680 1051 2765; x_wconf 89' lang='lat' dir='ltr'>elephantos.</span> <span class='ocrx_word' id='word_1_182' title='bbox 1098 2683 1176 2748; x_wconf 91' lang='lat' dir='ltr'>Post</span> <span class='ocrx_word' id='word_1_183' title='bbox 1202 2702 1258 2750; x_wconf 88' lang='lat' dir='ltr'>eos</span> <span class='ocrx_word' id='word_1_184' title='bbox 1281 2707 1335 2770; x_wconf 93' lang='lat' dir='ltr'>po-</span> 
     </span>
     <span class='ocr_line' id='line_1_25' title="bbox 295 2784 1334 2870; baseline 0.005 -20"><span class='ocrx_word' id='word_1_185' title='bbox 295 2793 401 2850; x_wconf 90' lang='lat' dir='ltr'>suerat</span> <span class='ocrx_word' id='word_1_186' title='bbox 416 2785 557 2870; x_wconf 93' lang='lat' dir='ltr'>peditem</span> <span class='ocrx_word' id='word_1_187' title='bbox 576 2805 615 2850; x_wconf 86' lang='lat' dir='ltr'>ac</span> <span class='ocrx_word' id='word_1_188' title='bbox 630 2784 814 2867; x_wconf 88' lang='lat' dir='ltr'>sagittarios</span> <span class='ocrx_word' id='word_1_189' title='bbox 837 2795 865 2848; x_wconf 85' lang='lat' dir='ltr'>et</span> <span class='ocrx_word' id='word_1_190' title='bbox 887 2791 1039 2870; x_wconf 88' lang='lat' dir='ltr'>tympana</span> <span class='ocrx_word' id='word_1_191' title='bbox 1055 2787 1182 2870; x_wconf 89' lang='lat' dir='ltr'>pulsare</span> <span class='ocrx_word' id='word_1_192' title='bbox 1206 2789 1334 2855; x_wconf 90' lang='lat' dir='ltr'>solitos:</span> 
     </span>
     <span class='ocr_line' id='line_1_26' title="bbox 295 2887 1336 2976; baseline 0.004 -22"><span class='ocrx_word' id='word_1_193' title='bbox 295 2889 328 2954; x_wconf 94' lang='lat' dir='ltr'>id</span> <span class='ocrx_word' id='word_1_194' title='bbox 350 2910 407 2974; x_wconf 95' lang='lat' dir='ltr'>pro</span> <span class='ocrx_word' id='word_1_195' title='bbox 434 2896 528 2954; x_wconf 90' lang='lat' dir='ltr'>cantu</span> <span class='ocrx_word' id='word_1_196' title='bbox 558 2890 708 2955; x_wconf 85' lang='lat' dir='ltr'>tubarum</span> <span class='ocrx_word' id='word_1_197' title='bbox 738 2887 826 2953; x_wconf 86' lang='lat' dir='ltr'>ludis</span> <span class='ocrx_word' id='word_1_198' title='bbox 850 2895 925 2954; x_wconf 89' lang='lat' dir='ltr'>erat.</span> <span class='ocrx_word' id='word_1_199' title='bbox 971 2889 1040 2955; x_wconf 89' lang='lat' dir='ltr'>Nec</span> <span class='ocrx_word' id='word_1_200' title='bbox 1070 2891 1204 2976; x_wconf 90' lang='lat' dir='ltr'>strepitu</span> <span class='ocrx_word' id='word_1_201' title='bbox 1226 2914 1336 2958; x_wconf 92' lang='lat' dir='ltr'>eorum</span> 
     </span>
     <span class='ocr_line' id='line_1_27' title="bbox 295 2991 1334 3080; baseline 0.007 -24"><span class='ocrx_word' id='word_1_202' title='bbox 295 2993 511 3074; x_wconf 89' lang='lat' dir='ltr'>movebantur,</span> <span class='ocrx_word' id='word_1_203' title='bbox 544 2993 618 3057; x_wconf 92' lang='lat' dir='ltr'>olim</span> <span class='ocrx_word' id='word_1_204' title='bbox 647 2991 687 3056; x_wconf 88' lang='lat' dir='ltr'>ad</span> <span class='ocrx_word' id='word_1_205' title='bbox 723 2999 832 3056; x_wconf 91' lang='lat' dir='ltr'>notum</span> <span class='ocrx_word' id='word_1_206' title='bbox 862 3012 975 3057; x_wconf 91' lang='lat' dir='ltr'>sonum</span> <span class='ocrx_word' id='word_1_207' title='bbox 1005 2993 1133 3059; x_wconf 90' lang='lat' dir='ltr'>auribus</span> <span class='ocrx_word' id='word_1_208' title='bbox 1170 2996 1334 3080; x_wconf 86' lang='lat' dir='ltr'>mitigatis.</span> 
     </span>
     <span class='ocr_line' id='line_1_28' title="bbox 244 3092 1337 3181; baseline 0.004 -19"><span class='ocrx_word' id='word_1_209' title='bbox 244 3114 274 3162; x_wconf 92' lang='lat'>11</span> <span class='ocrx_word' id='word_1_210' title='bbox 296 3096 441 3162; x_wconf 91' lang='lat' dir='ltr'>Herculis</span> <span class='ocrx_word' id='word_1_211' title='bbox 465 3097 665 3161; x_wconf 88' lang='lat' dir='ltr'>simulacrum</span> <span class='ocrx_word' id='word_1_212' title='bbox 688 3095 808 3178; x_wconf 89' lang='lat' dir='ltr'>agmini</span> <span class='ocrx_word' id='word_1_213' title='bbox 836 3092 978 3180; x_wconf 90' lang='lat' dir='ltr'>peditum</span> <span class='ocrx_word' id='word_1_214' title='bbox 1008 3098 1257 3181; x_wconf 89' lang='lat' dir='ltr'>praeferebatur.</span> <span class='ocrx_word' id='word_1_215' title='bbox 1297 3101 1337 3166; x_wconf 90' lang='lat' dir='ltr'>Id</span> 
     </span>
     <span class='ocr_line' id='line_1_29' title="bbox 296 3199 1337 3283; baseline 0.004 -17"><span class='ocrx_word' id='word_1_216' title='bbox 296 3199 470 3266; x_wconf 90' lang='lat' dir='ltr'>maximum</span> <span class='ocrx_word' id='word_1_217' title='bbox 500 3207 568 3266; x_wconf 90' lang='lat' dir='ltr'>erat</span> <span class='ocrx_word' id='word_1_218' title='bbox 597 3201 791 3266; x_wconf 90' lang='lat' dir='ltr'>bellantibus</span> <span class='ocrx_word' id='word_1_219' title='bbox 821 3200 1068 3283; x_wconf 90' lang='lat' dir='ltr'>incitamentum,</span> <span class='ocrx_word' id='word_1_220' title='bbox 1099 3211 1131 3269; x_wconf 92' lang='lat' dir='ltr'>et</span> <span class='ocrx_word' id='word_1_221' title='bbox 1157 3203 1337 3270; x_wconf 89' lang='lat' dir='ltr'>deseruisse</span> 
     </span>
     <span class='ocr_line' id='line_1_30' title="bbox 246 3304 1338 3392; baseline 0.002 -22"><span class='ocrx_word' id='word_1_222' title='bbox 246 3322 277 3370; x_wconf 87' lang='lat'>12</span> <span class='ocrx_word' id='word_1_223' title='bbox 296 3313 460 3390; x_wconf 89' lang='lat' dir='ltr'>gestantes</span> <span class='ocrx_word' id='word_1_224' title='bbox 494 3305 631 3370; x_wconf 92' lang='lat' dir='ltr'>militare</span> <span class='ocrx_word' id='word_1_225' title='bbox 665 3304 822 3388; x_wconf 91' lang='lat' dir='ltr'>flagitium</span> <span class='ocrx_word' id='word_1_226' title='bbox 855 3305 1042 3370; x_wconf 86' lang='lat' dir='ltr'>habebatur.</span> <span class='ocrx_word' id='word_1_227' title='bbox 1090 3306 1211 3392; x_wconf 81' lang='lat' dir='ltr'>Capitis</span> <span class='ocrx_word' id='word_1_228' title='bbox 1241 3310 1338 3375; x_wconf 90' lang='lat' dir='ltr'>etiam</span> 
     </span>
     <span class='ocr_line' id='line_1_31' title="bbox 297 3409 1334 3494; baseline 0.003 -19"><span class='ocrx_word' id='word_1_229' title='bbox 297 3417 468 3476; x_wconf 87' lang='lat' dir='ltr'>sanxerant</span> <span class='ocrx_word' id='word_1_230' title='bbox 484 3430 618 3494; x_wconf 90' lang='lat' dir='ltr'>poenam</span> <span class='ocrx_word' id='word_1_231' title='bbox 633 3409 692 3490; x_wconf 92' lang='lat' dir='ltr'>his,</span> <span class='ocrx_word' id='word_1_232' title='bbox 710 3409 821 3492; x_wconf 88' lang='lat' dir='ltr'>quiex</span> <span class='ocrx_word' id='word_1_233' title='bbox 843 3409 912 3474; x_wconf 90' lang='lat' dir='ltr'>acie</span> <span class='ocrx_word' id='word_1_234' title='bbox 932 3430 994 3474; x_wconf 90' lang='lat' dir='ltr'>non</span> <span class='ocrx_word' id='word_1_235' title='bbox 1009 3411 1214 3494; x_wconf 89' lang='lat' dir='ltr'>rettulissent,</span> <span class='ocrx_word' id='word_1_236' title='bbox 1239 3420 1334 3494; x_wconf 89' lang='lat' dir='ltr'>metu,</span> 
     </span>
     <span class='ocr_line' id='line_1_32' title="bbox 297 3511 1336 3598; baseline 0.003 -20"><span class='ocrx_word' id='word_1_237' title='bbox 297 3533 392 3596; x_wconf 90' lang='lat' dir='ltr'>quem</span> <span class='ocrx_word' id='word_1_238' title='bbox 415 3534 454 3579; x_wconf 90' lang='lat' dir='ltr'>ex</span> <span class='ocrx_word' id='word_1_239' title='bbox 477 3511 533 3576; x_wconf 92' lang='lat' dir='ltr'>illo</span> <span class='ocrx_word' id='word_1_240' title='bbox 556 3511 647 3578; x_wconf 91' lang='lat' dir='ltr'>hoste</span> <span class='ocrx_word' id='word_1_241' title='bbox 670 3512 832 3595; x_wconf 90' lang='lat' dir='ltr'>quondam</span> <span class='ocrx_word' id='word_1_242' title='bbox 855 3521 1072 3598; x_wconf 88' lang='lat' dir='ltr'>conceperant,</span> <span class='ocrx_word' id='word_1_243' title='bbox 1098 3515 1192 3580; x_wconf 84' lang='lat' dir='ltr'>etiam</span> <span class='ocrx_word' id='word_1_244' title='bbox 1215 3515 1248 3580; x_wconf 92' lang='lat' dir='ltr'>in</span> <span class='ocrx_word' id='word_1_245' title='bbox 1266 3517 1336 3583; x_wconf 93' lang='lat' dir='ltr'>reli·</span> 
     </span>
     <span class='ocr_line' id='line_1_33' title="bbox 297 3616 1336 3701; baseline 0.003 -18"><span class='ocrx_word' id='word_1_246' title='bbox 297 3619 424 3701; x_wconf 87' lang='lat' dir='ltr'>gionem</span> <span class='ocrx_word' id='word_1_247' title='bbox 446 3616 744 3700; x_wconf 86' lang='lat' dir='ltr'>venerationemque</span> <span class='ocrx_word' id='word_1_248' title='bbox 774 3636 936 3682; x_wconf 90' lang='lat' dir='ltr'>converso.</span> <span class='ocrx_word' id='word_1_249' title='bbox 982 3617 1175 3684; x_wconf 88' lang='lat' dir='ltr'>Macedonas</span> <span class='ocrx_word' id='word_1_250' title='bbox 1202 3641 1264 3684; x_wconf 91' lang='lat' dir='ltr'>non</span> <span class='ocrx_word' id='word_1_251' title='bbox 1286 3621 1336 3686; x_wconf 90' lang='lat' dir='ltr'>he·</span> 
     </span>
     <span class='ocr_line' id='line_1_34' title="bbox 298 3720 1338 3808; baseline 0.001 -21"><span class='ocrx_word' id='word_1_252' title='bbox 298 3724 422 3787; x_wconf 91' lang='lat' dir='ltr'>luarum</span> <span class='ocrx_word' id='word_1_253' title='bbox 444 3720 548 3801; x_wconf 93' lang='lat' dir='ltr'>modo,</span> <span class='ocrx_word' id='word_1_254' title='bbox 573 3720 631 3786; x_wconf 90' lang='lat' dir='ltr'>sed</span> <span class='ocrx_word' id='word_1_255' title='bbox 654 3721 750 3785; x_wconf 87' lang='lat' dir='ltr'>etiam</span> <span class='ocrx_word' id='word_1_256' title='bbox 773 3720 873 3806; x_wconf 91' lang='lat' dir='ltr'>ipsius</span> <span class='ocrx_word' id='word_1_257' title='bbox 896 3721 981 3803; x_wconf 88' lang='lat' dir='ltr'>regis</span> <span class='ocrx_word' id='word_1_258' title='bbox 997 3729 1145 3807; x_wconf 87' lang='lat' dir='ltr'>aspectus</span> <span class='ocrx_word' id='word_1_259' title='bbox 1168 3745 1338 3808; x_wconf 88' lang='lat' dir='ltr'>parumper</span> 
     </span>
     <span class='ocr_line' id='line_1_35' title="bbox 249 3824 1336 3910; baseline 0.001 -19"><span class='ocrx_word' id='word_1_260' title='bbox 249 3841 281 3891; x_wconf 87' lang='lat'>13</span> <span class='ocrx_word' id='word_1_261' title='bbox 299 3825 442 3890; x_wconf 90' lang='lat' dir='ltr'>inhibuit.</span> <span class='ocrx_word' id='word_1_262' title='bbox 459 3825 588 3909; x_wconf 85' lang='lat' dir='ltr'>Beluae,</span> <span class='ocrx_word' id='word_1_263' title='bbox 603 3824 778 3908; x_wconf 86' lang='lat' dir='ltr'>dispositae</span> <span class='ocrx_word' id='word_1_264' title='bbox 794 3824 876 3889; x_wconf 91' lang='lat' dir='ltr'>inter</span> <span class='ocrx_word' id='word_1_265' title='bbox 890 3831 1037 3906; x_wconf 86' lang='lat' dir='ltr'>armatos,</span> <span class='ocrx_word' id='word_1_266' title='bbox 1055 3827 1194 3910; x_wconf 85' lang='lat' dir='ltr'>speciem</span> <span class='ocrx_word' id='word_1_267' title='bbox 1205 3827 1336 3893; x_wconf 90' lang='lat' dir='ltr'>turrium</span> 
     </span>
    </p>
   </div>
   <div class='ocr_carea' id='block_1_3' title="bbox 0 0 1492 4322">
    <p class='ocr_par' dir='ltr' id='par_1_3' title="bbox 0 0 1492 4322">
     <span class='ocr_line' id='line_1_36' title="bbox 0 0 1492 4322; baseline 0 1"><span class='ocrx_word' id='word_1_268' title='bbox 0 0 1492 4322; x_wconf 95' lang='lat' dir='ltr'> </span> 
     </span>
    </p>
   </div>
  </div>
 </body>
</html>
