3040 4318
292 161 354 226 154
679 166 710 230 q.
730 163 839 217 1111111
859 162 946 216 auur
1031 117 1034 122 ’

289 370 438 436 Philotan
460 369 586 436 teneri?
610 372 695 434 solus
710 370 827 454 quippe
843 367 976 434 fastidiit
1003 388 1075 432 eum
1092 366 1225 431 discere.
1262 361 1329 426 Sed

287 474 373 540 dicat
402 495 490 556 sane,
536 482 706 557 utcumque
741 474 770 538 ei
804 473 892 540 cordi
923 480 978 554 est,
1015 472 1090 537 dum
1119 466 1328 535 memineritis

285 599 387 662 aeque
411 580 500 644 illum
523 602 542 646 a
566 585 673 644 nostro
704 599 793 643 more
824 599 918 660 quam
949 598 1095 644 sermone
1126 576 1326 644 abhorrere’.

286 684 390 766 Atque
413 684 458 748 ita
480 683 629 749 contione
656 683 802 748 excessit.

750 875 815 928 (111),
835 874 867 927 X.
959 900 965 914 ·

254 1003 266 1051 1
390 997 472 1062 Tum
496 995 649 1077 Philotas,
678 995 822 1075 ‘Verba’,
854 995 962 1077 inquit,
991 994 1164 1058 ‘innocenti
1185 980 1381 1076 reperire37

286 1102 381 1166 facile
419 1109 477 1182 est,
517 1102 648 1166 modum
684 1102 852 1166 verborum
884 1101 1000 1166 misero
1038 1107 1147 1165 tenere
1185 1099 1324 1164 difficile.

252 1205 406 1287 2ltaque,
444 1206 527 1271 inter
564 1205 716 1290 optimam
754 1205 981 1270 conscientiam
1012 1209 1051 1270 'et
1096 1204 1326 1286 iniquissimam

287 1309 447 1374 fortunam
471 1309 648 1390 destitutus
678 1310 800 1393 ignoro,
833 1308 992 1391 quomodo
1016 1316 1047 1374 et
1070 1309 1175 1374 animo
1199 1328 1270 1373 meo
1294 1315 1326 1372 et

253 1413 422 1498 3tempori
445 1435 583 1498 paream.
630 1414 732 1479 Abest
762 1412 890 1496 quidem
921 1413 1058 1498 optimus
1089 1432 1204 1478 causae
1234 1433 1325 1477 meae

286 1517 400 1582 iudex:
425 1518 479 1600 qui
502 1539 557 1582 cur
578 1537 629 1582 me
652 1517 721 1603 ipse
745 1518 855 1583 audire
879 1518 1022 1599 noluerit,
1054 1537 1119 1582 non
1141 1517 1324 1582 mehercule

288 1621 444 1704 excogito,
470 1642 541 1686 cum
562 1621 619 1702 illi,
631 1622 789 1704 utrimque
812 1623 941 1705 cognita
963 1642 1069 1700 causa,
1086 1629 1150 1686 tam
1174 1622 1325 1686 damnare

287 1745 338 1789 me
361 1725 456 1790 liceat
479 1746 574 1808 quam
596 1726 779 1791 absolvere:
803 1747 868 1790 non
892 1726 1020 1809 cognita
1039 1744 1115 1791 vero
1131 1722 1260 1790 liberari
1284 1724 1324 1787 ab

288 1829 421 1894 absente
451 1850 514 1894 non
544 1849 684 1914 possum,
716 1831 770 1912 qui
801 1851 820 1894 a
846 1838 1016 1915 praesente
1047 1830 1214 1895 damnatus
1244 1849 1322 1894 sum.

253 1932 357 1997 used
380 1955 572 2016 quamquam
601 1934 699 1999 vincti
732 1935 868 2000 hominis
898 1955 963 1998 non
993 1955 1192 2019 supervacua
1215 1935 1324 2012 solum,

289 2037 348 2102 sed
371 2038 467 2102 etiam
489 2038 593 2104 invisa
616 2037 761 2104 defensio
792 2046 849 2120 est,
882 2039 935 2121 qui
964 2039 1103 2105 iudicem
1126 2060 1187 2104 non
1212 2039 1326 2103 docere

288 2142 421 2223 videtur,
446 2141 505 2206 sed
527 2163 680 2226 arguere:
704 2149 820 2224 tamen,
845 2149 1015 2226 utcumque
1038 2143 1114 2208 licet
1135 2165 1187 2208 me
1210 2143 1324 2222 dicere,

289 2246 495 2330 memetipse
520 2267 585 2312 non
608 2247 755 2311 deseram
784 2268 844 2312 neo
868 2249 1070 2328 committam,
1103 2255 1139 2312 ut
1161 2247 1326 2313 damnatus

255 2351 385 2415 betiam
415 2371 486 2414 mea
517 2351 675 2415 sententia
705 2350 825 2415 videar.
871 2351 1035 2434 Equidem
1060 2353 1157 2417 cuius
1189 2350 1327 2417 oriminis

289 2473 362 2518 reus
386 2454 453 2534 sim,
478 2475 542 2518 non
564 2453 676 2519 video:
700 2454 783 2519 inter
805 2455 986 2520 coniuratos
1002 2476 1094 2521 nemo
1110 2477 1161 2520 me
1177 2455 1326 2534 nominat,

291 2557 331 2623 de
360 2578 410 2622 me
440 2557 656 2623 Nicomachus
686 2558 767 2622 nihil
802 2559 889 2639 dixit,
927 2559 1097 2625 Cebalinus
1132 2561 1203 2644 plus
1235 2579 1329 2642 quam

256 2661 435 2726 6audierat
469 2662 549 2726 scire
584 2682 648 2728 non
682 2662 793 2746 potuit.
840 2662 937 2746 Atqui
972 2663 1199 2729 coniurationis
1234 2669 1329 2747 caput

290 2787 340 2829 me
364 2765 463 2830 fuisse
490 2765 591 2830 credit
613 2767 686 2830 rex!
732 2767 840 2831 Potuit
870 2787 946 2850 ergo
969 2769 1116 2850 Dymnus
1147 2789 1219 2833 eum
1242 2786 1329 2852 prae-

290 2870 393 2950 terire,
419 2890 511 2951 quem
528 2870 726 2952 sequebatur,
751 2871 940 2954 praesertim
956 2893 1028 2936 eum
1044 2871 1209 2954 quaerenti
1225 2872 1329 2936 socios

291 2973 344 3038 vel
367 2973 449 3038 falso
473 2973 586 3038 fuerim
609 2973 829 3054 nominandus,
862 2995 924 3056 quo
954 2975 1088 3056 facilius,
1122 2976 1176 3058 qui
1198 2982 1330 3060 tempta-

257 3081 273 3130 7
291 3077 392 3158 batur,
416 3084 526 3160 posset
548 3076 693 3161 impelli?
719 3077 793 3142 Non
815 3079 899 3142 enim
915 3078 1040 3144 detecto
1056 3080 1198 3146 facinore
1214 3099 1330 3146 nomen

291 3201 395 3245 meum
417 3180 587 3265 praeteriit,
612 3188 647 3245 ut
669 3183 769 3264 possit
792 3165 893 3246 videri
909 3183 996 3247 socio
1012 3184 1211 3268 pepercisse:
1236 3185 1331 3248 Nico·

291 3286 415 3365 macho,
448 3304 542 3366 quem
564 3285 733 3349 taciturum
755 3307 874 3350 arcana
905 3285 946 3350 de
974 3288 1144 3372 semetipso
1169 3288 1329 3368 credebat,

258 3399 274 3450 8
293 3388 465 3468 confessus,
483 3389 554 3453 aliis
569 3388 738 3453 nominatis
759 3409 809 3453 me
825 3410 922 3454 unum
938 3390 1154 3456 subtrahebat.
1193 3392 1328 3472 Quaeso,

293 3492 533 3573 commilitones,
558 3493 584 3557 si
608 3490 778 3558 Cebalinus
800 3514 851 3558 me
874 3514 937 3558 non
960 3493 1089 3576 adisset,
1114 3495 1194 3560 nihil
1216 3517 1268 3562 me
1291 3494 1332 3560 de

294 3596 465 3660 coniuratis
493 3592 574 3660 scire
597 3597 758 3677 voluisset,
791 3618 866 3661 num
881 3597 993 3673 ‚hodie
1025 3598 1162 3664 dicerem
1192 3620 1331 3680 oausam,

259 3700 379 3764 anullo
402 3719 454 3766 mc
477 3699 683 3766 nominante?
727 3701 875 3784 Dymnus
898 3722 977 3768 sane
1007 3711 1038 3767 et
1061 3703 1149 3770 vivat
1171 3704 1277 3769 adhuc
1300 3711 1332 3768 et

293 3804 370 3868 velit
392 3803 469 3867 mihi
492 3823 639 3887 parcere:
665 3802 741 3885 quid
764 3804 885 3868 ceteri?
909 3805 962 3887 qui
986 3806 1025 3871 de
1042 3826 1075 3872 se
1091 3806 1330 3887 confitebuntur,
