2976 4322
279 179 344 244 234
672 182 702 248 o.
723 180 831 235 ouon
849 180 936 234 noni

279 407 351 452 curn
385 408 502 470 magno
536 387 687 453 nobilium
721 387 907 453 feminarum
934 407 1043 469 grege,
1067 386 1171 452 aureis
1198 387 1316 471 pateris

228 502 261 554 35
279 491 355 558 vina
376 491 549 556 libantium.
596 493 673 577 Ipsa
695 492 829 574 genibus
855 491 941 574 regis
971 512 1070 576 parvo
1093 490 1158 556 filio
1188 490 1316 556 admoto

278 615 341 660 non
364 595 491 660 veniam
505 595 609 677 mode,
623 595 680 661 sed
695 596 792 661 etiam
808 595 959 680 pristinae
975 594 1119 660 fortunae
1135 595 1318 680 impetravit

278 699 391 766 decus:
415 700 533 785 quippe
549 701 711 784 appellata
725 700 837 783 regina
860 707 917 767 est.
941 701 982 764 Et
1005 698 1168 765 credidere
1188 698 1318 781 quidam

226 815 259 866 36
277 805 348 888 plus
382 803 501 869 formae
521 825 630 886 -quam
664 803 858 870 miserationi
891 803 1009 868 datum.
1056 804 1158 868 Puero
1190 802 1319 886 quidem

277 915 361 973 certe
377 914 489 993 postea
505 929 545 974 ex
560 929 599 973 ea
613 915 783 991 utcumque
800 907 907 992 genito
921 906 1103 973 Alexandro
1117 906 1176 972 fuit
1191 928 1316 972 nornen.

732 1101 797 1155 Car.
817 1101 863 1154 XI.

244 1237 257 1285 1
316 1269 319 1278 .
380 1221 462 1287 Hinc
484 1221 684 1306 Polypercon
714 1219 756 1285 ad
785 1223 895 1287 urbem
925 1221 1046 1285 Noram
1073 1241 1145 1285 cum
1171 1220 1314 1286 exercitu
1325 1219 1370 1291 39

277 1325 390 1391 missus
420 1325 597 1391 inconditos
628 1323 804 1411 oppidanos
835 1325 955 1409 proelio
978 1324 1070 1390 vicit:
1105 1325 1186 1389 intra
1220 1325 1318 1389 muni-

242 1445 258 1494 2
276 1437 382 1494 menta
393 1431 572 1516 compulsos
585 1436 710 1495 secutus
718 1430 828 1494 urbem
843 1429 875 1493 in
891 1428 1049 1494 dicionem
1064 1427 1197 1512 redegit.
1216 1429 1319 1494 Multa

276 1533 429 1616 ignobilia
441 1532 569 1619 oppida,
583 1533 708 1598 deserta
720 1555 740 1598 a
751 1533 826 1614 suis,
839 1553 954 1600 venere
966 1533 999 1596 in
1010 1533 1096 1616 regis
1109 1539 1319 1617 potestatem:

276 1656 408 1719 quorum
437 1638 560 1702 incolae
590 1637 703 1702 armati
733 1643 855 1720 petram
878 1636 998 1703 Aornin
1029 1635 1154 1702 nomine
1186 1657 1319 1721 occupa-

275 1748 396 1809 verunt.
421 1741 513 1807 Hanc
529 1742 569 1806 ab
586 1741 723 1807 Hercule
740 1741 856 1806 frustra
876 1742 1040 1806 obsessam
1063 1760 1135 1806 esse
1150 1747 1319 1824 terraeque

242 1851 363 1911 3motu
386 1853 530 1910 coactum
557 1845 709 1910 absistere
741 1844 827 1910 lama
849 1845 1046 1928 vulgaverat.
1093 1845 1226 1929 Inopem
1248 1867 1320 1911 con-

276 1948 338 2012 silii
375 1947 600 2030 Alexandrum,
636 1949 710 2032 quia
747 1948 887 2032 undique
925 1967 1081 2034 praeceps
1116 1953 1147 2012 et
1184 1947 1320 2032 abrupta

274 2072 370 2136 rupes
394 2059 470 2134 erat,
495 2053 600 2118 senior
623 2053 762 2136 quidam,
786 2053 906 2139 peritus
929 2053 1080 2133 locorum,
1097 2071 1170 2116 cum
1194 2051 1318 2128 duobus

274 2156 346 2221 filiis
369 2155 457 2238 adiit,
474 2157 500 2222 si
523 2157 658 2242 pretium
689 2178 807 2242 operae
838 2164 931 2239 esset,
956 2155 1077 2221 aditum
1108 2175 1142 2222 se
1166 2162 1317 2221 monstra-

240 2276 257 2326 4
276 2267 380 2324 turum
402 2281 472 2326 esse
495 2261 688 2345 promittens.
718 2271 818 2324 LXXX
840 2261 960 2326 talenta
983 2259 1144 2325 constituit
1171 2256 1318 2324 daturum

276 2363 458 2430 Alexander
483 2372 523 2446 et,
537 2365 636 2430 altero
659 2387 700 2430 ex
725 2365 892 2430 iuvenibus
923 2363 1034 2430 obside
1054 2369 1187 2444 retento,
1212 2363 1317 2447 ipsum

241 2468 318 2534 cad
340 2468 536 2551 exequenda,
560 2490 641 2552 quae
669 2470 834 2551 obtulerat,
859 2468 987 2534 dimisit.
1034 2468 1161 2533 Leviter
1186 2467 1317 2533 armatis

276 2573 340 2638 dux
363 2573 454 2638 datus
478 2581 526 2639 est
545 2575 689 2658 Mylleas,
714 2574 818 2639 scriba
839 2573 942 2656 regis:
976 2572 1035 2638 hos
1063 2572 1147 2637 enim
1170 2571 1316 2654 circuitu,

276 2698 337 2760 quo
361 2677 505 2743 fallerent
534 2678 667 2759 hostem,
698 2679 731 2742 in
753 2697 909 2744 summum
938 2678 1050 2760 iugum
1072 2677 1220 2762 placebat
1244 2698 1317 2742 eva-

240 2795 257 2846 6
275 2782 360 2848 dere.
384 2784 479 2847 Petra
501 2804 574 2864 non,
590 2790 624 2847 ut
639 2783 819 2867 pleraeque,
836 2782 968 2848 modicis
992 2803 1030 2848 ac
1053 2781 1201 2848 mollibus
1224 2783 1316 2848 clivis

274 2887 306 2950 in
329 2886 462 2952 sublime
486 2887 649 2969 fastigium
676 2887 798 2968 crescit,
822 2886 935 2952 sedin
957 2893 1061 2951 metae
1092 2886 1229 2951 maxime
1253 2907 1317 2952 mo-

275 2989 350 3054 dum
373 2997 478 3056 erecta
504 2997 561 3072 est,
593 2991 681 3056 cuius
711 2991 776 3056 ima
806 2989 995 3074 spatiosiora
1025 2997 1109 3070 sunt,
1140 2990 1253 3055 altiora
1283 2991 1316 3054 in

275 3094 372 3159 artius
410 3101 532 3175 coeunt,
567 3114 689 3159 summa
723 3095 755 3158 in
796 3101 922 3159 acutum
956 3114 1107 3159 cacumen
1145 3101 1312 3177 exurgunt.

240 3199 409 3264 7Radices
448 3198 515 3264 eius
549 3198 647 3264 Indus
682 3196 783 3264 amnis
818 3199 910 3279 subit,
949 3199 1120 3283 praealtus,
1158 3197 1315 3281 utrimque

275 3301 395 3386 asperis
418 3301 512 3386 ripis:
535 3302 576 3367 ab
600 3303 700 3368 altera
722 3310 811 3387 parte
831 3302 1000 3386 voragines
1021 3302 1204 3385 eluviesque
1227 3321 1315 3386 prae·

240 3414 385 3491 &ruptae
408 3412 488 3470 sunt.
517 3406 586 3471 Nec
609 3407 672 3472 alia
695 3406 901 3492 expugnandi
924 3407 1055 3490 patebat
1077 3405 1140 3488 via,
1164 3425 1260 3488 quam
1281 3413 1316 3470 ut

274 3510 477 3594 replerentur.
524 3509 576 3574 Ad
598 3531 725 3575 manum
748 3511 828 3576 silva
851 3518 934 3575 erat:
961 3531 1056 3594 quam
1078 3531 1135 3574 rex
1157 3509 1202 3574 ita
1224 3509 1315 3574 caedi

273 3613 373 3694 iussit,
400 3621 434 3678 ut
464 3612 541 3677 nudi
574 3614 698 3701 stipites
732 3614 917 3695 iacerentur,
943 3614 1060 3699 quippe
1093 3613 1172 3678 rami
1203 3612 1315 3679 fronde

274 3717 379 3782 vestiti
401 3715 609 3802 impedissent
636 3719 780 3784 ferentes.
816 3719 890 3803 Ipse
914 3719 1032 3804 primus
1061 3725 1204 3783 truncam
1226 3717 1315 3784 arbo·

278 3841 345 3885 rem
367 3820 450 3902 iecit,
474 3821 654 3905 clamorque
681 3823 846 3904 exercitus,
869 3822 966 3888 index
984 3821 1165 3903 alacritatis,
1189 3828 1315 3888 secutus
