3028 4322
281 194 325 256 44
672 195 702 260 o.
722 193 830 248 cunm
848 194 935 248 uum

283 401 370 467 tendi
392 408 538 466 auctores
562 400 692 483 quidam
717 408 814 482 erant,
846 407 880 464 ut
903 399 1059 483 ingenuus
1085 419 1165 484 puer
1187 397 1322 464 Saturno

281 507 513 571 immolaretur:
555 504 642 588 quod
681 505 884 588 sacrilegium
921 505 1026 570 verius
1065 525 1159 588 quam
1197 524 1321 569 sacrum

280 609 574 692 Carthaginienses,
596 631 618 674 a
647 609 863 674 conditoribus
886 609 1045 690 traditum,
1069 629 1169 692 usquc
1199 607 1241 672 ad
1272 628 1323 672 ex·

233 767 235 770 .
281 713 399 779 cidium
429 713 516 778 urbis
547 733 624 778 suae
654 713 774 778 fecisse
804 713 958 778 dicuntur.
1006 714 1054 780 Ac
1087 713 1148 778 nisi
1183 712 1323 778 seniores

281 817 491 896 obstitissent,
514 837 648 900 quorum
673 817 805 881 consilio
829 825 944 882 cuncta
965 818 1151 900 agebantur,
1183 816 1323 880 hnmani-

230 934 263 983 24
283 930 382 986 tatem
407 919 477 985 dira
499 920 680 1006 superstitio
702 920 841 986 vicisset.
882 919 1030 985 Ceterum
1054 920 1216 986 efficacior
1238 920 1323 984 omni
1336 915 1376 986 16

282 1033 351 1090 arte
373 1025 548 1090 necessitas
570 1045 633 1089 non
655 1025 773 1090 usitata
787 1025 883 1090 modo
899 1025 1067 1110 praesidia,
1092 1025 1150 1090 sed
1165 1024 1322 1108 quaedam

284 1130 378 1195 etiam
409 1150 493 1194 nova
522 1128 675 1194 admovit.
719 1129 866 1212 Namque
896 1129 939 1193 ad
960 1129 1154 1213 implicanda
1182 1128 1319 1211 navigia,

283 1253 364 1316 quae
409 1253 516 1298 muros
555 1232 713 1313 subibant,
760 1232 875 1297 validis
912 1233 1073 1298 asseribus
1113 1235 1322 1320 harpagonas

284 1338 492 1420 illigaverunt,
542 1344 585 1418 ut,
625 1357 696 1401 cum
729 1343 885 1402 tormento
919 1337 1049 1402 asseres
1079 1337 1320 1421 promovissent,

232 1453 265 1503 25
285 1443 389 1508 subito
411 1441 525 1506 laxatis
549 1441 676 1506 funibus
699 1441 861 1507 inicerent.
906 1441 990 1507 Unci
1012 1462 1137 1525 quoque
1168 1449 1200 1507 et
1221 1441 1321 1506 falces

282 1568 320 1612 ex
342 1544 447 1611 isdem
469 1545 630 1610 asseribus
661 1545 879 1630 dependentes
900 1553 964 1611 aut
993 1552 1245 1632 propugnatores
1267 1553 1322 1610 aut

282 1652 354 1736 ipsa
386 1649 517 1733 navigia
550 1651 741 1715 lacerabant.
801 1649 928 1735 Clipeos
962 1670 1038 1716 vero
1075 1669 1186 1715 aereos
1223 1651 1321 1714 multo

283 1756 358 1838 igne
380 1755 560 1819 torrebant:
584 1773 662 1836 quos
693 1755 832 1838 repletos
863 1754 986 1820 fervida
1015 1753 1134 1820 harena
1160 1774 1322 1837 caenoque

230 1870 263 1920 26
282 1858 414 1924 decocto
445 1879 462 1923 e
491 1857 590 1923 muris
622 1858 729 1923 subito
760 1857 981 1924 devolvebant
1028 1858 1098 1924 Nec
1127 1859 1192 1922 ulla
1222 1857 1321 1943 pestis

282 1963 386 2046 magis
408 1963 595 2028 timebatur:
620 1962 738 2048 quippe
762 1963 816 2028 ubi
838 1963 969 2028 loricam
996 1983 1176 2048 corpusque
1192 1963 1321 2028 fervens

283 2068 402 2132 harena
425 2074 655 2152 penetraverat,
679 2088 738 2132 nec
761 2069 826 2132 ulla
840 2068 873 2132 vi
896 2067 1002 2132 excuti
1023 2074 1147 2152 poterat
1170 2074 1212 2146 ct,
1235 2066 1321 2149 quio-

283 2172 359 2256 quid
392 2173 550 2255 attigerat,
585 2173 763 2256 perurebat,
803 2171 1019 2255 iacientesque
1052 2193 1141 2236 arma
1174 2171 1321 2236 laceratis

283 2276 437 2357 omnibus,
470 2276 541 2359 quis
564 2276 689 2361 protegi
718 2283 873 2360 poterant,
905 2276 1089 2341 vulneribus
1120 2276 1211 2340 inulti
1233 2283 1321 2360 pate·

281 2383 374 2447 bant:
406 2381 494 2445 corvi
523 2381 614 2446 vero
633 2387 664 2446 et
694 2375 817 2446 ferreae
840 2401 950 2446 manus
973 2387 1128 2446 tormento
1163 2379 1321 2445 demissae

282 2487 451 2571 plerosque
473 2485 647 2570 rapiebant.

738 2662 803 2730 Gap.
822 2661 860 2714 IV

249 2816 261 2864 1
390 2799 473 2864 Hinc
517 2819 574 2864 rex
618 2798 772 2881 fatigatus
816 2805 967 2863 statuerat
1011 2799 1115 2864 soluta
1158 2796 1322 2863 obsidione
1337 2803 1376 2877 17

283 2905 468 2988 Aegyptum
502 2911 621 2988 petere.
670 2903 796 2989 Quippe
831 2923 903 2968 cum
938 2903 1049 2968 Asiam
1081 2902 1205 2986 ingenti
1237 2904 1322 2968 velo·
1507 2907 1508 2910 ’

1507 2953 1508 2982 l

284 3009 377 3074 citate
408 3007 665 3093 pereuourrisset,
698 3007 782 3072 eirca
804 3027 911 3072 muros
927 3006 1018 3072 unius
1047 3007 1135 3071 urbis
1158 3007 1321 3088 haerebat,
1507 3003 1508 3056 l

249 3120 329 3179 atot
359 3113 567 3178 maximarum
596 3133 700 3177 rerum
724 3111 958 3197 opportunitate
988 3111 1128 3176 dimissa.
1176 3109 1323 3176 Ceterum

283 3225 348 3282 tam
381 3216 546 3281 discedere
580 3216 701 3280 irritum
736 3237 830 3298 quam
868 3216 983 3280 morari
1020 3215 1169 3300 pudebat,
1207 3215 1324 3280 famam

284 3341 419 3406 quoque,
445 3342 508 3403 qua
530 3322 621 3405 plura
644 3341 738 3403 quarn
760 3321 856 3385 armis
880 3327 1044 3401 everterat,
1068 3326 1154 3385 ratus
1173 3321 1324 3385 leviorem
1507 3363 1508 3400 2

285 3426 362 3508 fore,
387 3425 414 3490 si
436 3426 557 3508 Tyrum
580 3425 669 3508 quasi
692 3432 815 3506 testem,
840 3445 876 3490 se
898 3444 993 3509 posse
1015 3423 1109 3506 vinci,
1133 3423 1323 3507 reliquisset.

285 3529 388 3613 Igitur
410 3550 450 3593 ne
483 3529 558 3612 quid
588 3529 788 3615 inexpertum
818 3529 984 3610 omitteret,
1014 3530 1122 3613 plures
1151 3549 1249 3594 naves
1271 3529 1325 3594 ad·
1496 3533 1508 3578 ¹⁴

253 3633 407 3698 emoveri
445 3634 532 3698 iubet
571 3633 775 3716 delectosque
819 3634 953 3698 militum
991 3633 1118 3718 imponi.
1165 3634 1206 3698 Et
1244 3633 1324 3700 forte

286 3738 382 3823 belua
401 3736 581 3801 invisitatae
603 3734 841 3820 magnitudinis,
865 3758 960 3822 super
981 3738 1068 3821 ipsos
1091 3735 1205 3802 fluetus
1228 3737 1324 3802 dorso

288 3843 440 3921 eminens,
467 3841 509 3904 ad
538 3841 663 3922 molem,
696 3861 790 3923 quam
816 3840 1008 3905 Macedones
1038 3837 1186 3922 iecerant,
1210 3841 1323 3924 ingens
