2976 4322
249 169 501 226 HISTORIARUM
518 170 735 226 ALEXANDRI
753 171 819 224 VIII
840 175 880 225 13.
900 174 940 225 14.
1051 173 1115 236 241

106 379 228 464 speeiem,
251 378 356 462 ipsum
378 395 488 460 regem
510 375 558 440 illi
580 377 670 461 ripae
693 375 876 462 praesidere
899 398 958 443 nec
978 377 1118 460 cogitare

106 485 129 550 le
151 483 285 550 transit.
329 481 432 546 Huius
455 481 579 546 consilii
603 480 752 546 effectum
775 482 877 566 primo
900 490 1022 547 morata
1044 489 1119 548 tem·
1137 500 1171 548 22

106 595 190 654 estas
217 593 272 668 est,
295 607 370 651 mox
400 585 533 667 adiuvit,
557 585 761 650 incommoda
791 604 915 669 quoque
946 586 988 650 ad
1017 587 1118 652 bonos

108 697 212 758 ventus
233 697 376 756 vertente
403 690 537 754 fortuna.
583 689 731 755 Traicere
754 710 880 755 amnem
910 711 982 755 cum
1006 689 1119 757 ceteris
1138 710 1171 760 23

106 795 181 881 opiis
202 796 232 860 in
262 793 426 876 regionem
460 793 593 874 insulae,
629 792 670 858 de
704 813 767 875 qua
800 800 876 859 ante
910 794 1030 860 dictum
1060 801 1117 876 est,

109 901 222 980 arabat,
252 918 364 965 averso
394 897 486 964 hoste
516 897 549 961 in
583 917 648 978 eos,
673 897 728 979 qui
763 918 834 963 cum
861 899 1044 964 Ptolomaeo
1075 898 1118 962 in-

106 1005 225 1071 sriorem
258 1002 449 1069 obsederant
482 1001 600 1086 ripam:
625 1021 697 1066 cum
727 1003 868 1087 procella
901 1002 1034 1069 imbrem
1064 1002 1119 1070 vix

106 1109 141 1174 ub
171 1109 259 1174 tectis
281 1107 479 1173 tolerabilem
503 1105 646 1187 effundit,
672 1106 838 1190 obrutique
860 1103 977 1172 milites
1011 1107 1119 1173 nimbo

106 1237 121 1278 n
143 1220 254 1278 terram
276 1212 473 1294 refugerunt,
497 1210 636 1293 navigiis
659 1211 845 1294 ratibusque
868 1211 1011 1278 desertis.
1055 1212 1120 1278 Sed

106 1317 337 1382 rmultuantium
366 1314 512 1382 fremitus
542 1315 800 1401 obstrepentibus
822 1317 927 1382 ventis
956 1318 997 1382 ab
1028 1317 1120 1382 hoste

106 1443 143 1486 on
166 1427 289 1505 poterat
312 1418 425 1484 audiri.
450 1419 576 1485 Deinde
598 1425 759 1485 momento
778 1421 929 1505 temporis
955 1441 1119 1505 repressus
1138 1440 1171 1488 24

106 1533 130 1589 st
153 1525 260 1604 imber,
285 1529 423 1589 ceterum
450 1521 531 1588 adeo
555 1523 677 1608 spissae
707 1523 871 1590 intendere
895 1544 928 1590 se
951 1527 1061 1606 nubes,
1085 1532 1120 1590 ut

106 1628 250 1694 roderent
272 1627 387 1708 lucem,
404 1627 521 1709 vixque
541 1627 789 1710 colloquentium
808 1629 891 1694 inter
912 1629 999 1712 ipsos
1022 1628 1119 1694 facies

106 1733 319 1798 oscitarentur.
354 1732 534 1798 Terruisset
556 1725 653 1797 alium
676 1732 816 1798 obducta
838 1753 901 1798 nox
924 1734 1023 1814 caelo,
1048 1753 1118 1798 cum
1138 1752 1171 1802 25

106 1844 190 1920 gnoto
209 1858 303 1902 amne
319 1835 538 1919 navigandum
556 1842 649 1917 esset,
666 1837 800 1902 forsitan
816 1835 908 1902 hoste
925 1859 996 1904 eam
1019 1838 1120 1922 ipsam

108 1963 191 2026 pam,
206 1961 301 2024 quam
325 1940 412 2006 caeci
435 1947 532 2022 atque
554 1937 724 2024 improvidi
741 1941 903 2026 petebant,
927 1951 1053 2006 macuto.
1078 1942 1120 2005 At
1139 1960 1172 2009 26

106 2068 143 2127 ex,
168 2045 307 2130 periculo
337 2045 471 2128 gloriam
505 2063 672 2111 accersens
706 2051 739 2110 et
768 2045 1007 2127 obscuritatem,
1038 2065 1119 2128 quae

106 2158 204 2216 steros
227 2149 376 2231 terrebat,
401 2169 493 2214 suam
521 2149 721 2215 occasionem
744 2157 841 2231 ratus,
861 2149 937 2229 dato
960 2151 1062 2233 signo,
1085 2157 1120 2214 ut

106 2275 189 2320 mnes
214 2253 341 2318 silentio
358 2253 567 2319 escenderent
586 2252 618 2316 in
640 2260 735 2335 rates,
752 2274 832 2334 eam,
857 2275 921 2336 qua
942 2254 1012 2339 ipse
1027 2255 1121 2320 vehe-

106 2367 183 2440 utur,
212 2358 346 2443 primam
375 2357 468 2424 iussit
498 2357 626 2442 expelli.
672 2357 781 2423 Vacua
811 2364 879 2424 erat
908 2359 950 2424 ab
977 2359 1122 2424 hostibus
1140 2379 1173 2427 27

106 2485 155 2548 pa,
179 2483 262 2546 quae
292 2462 469 2548 petebatur,
493 2462 612 2546 quippo
641 2461 748 2528 adhuc
777 2463 878 2528 Porus
901 2463 1120 2528 Ptolomaeum
1155 2530 1157 2534 .

106 2576 202 2633 ,ntum
226 2567 416 2632 intuebatur.
451 2566 524 2632 Una
547 2586 623 2650 ergo
646 2567 730 2649 navi,
756 2587 851 2650 quam
873 2575 983 2652 petrae
1005 2566 1120 2632 fluctus

106 2675 220 2754 ‚iserat
246 2672 399 2738 haerente
426 2679 552 2739 ceterae
579 2671 728 2754 evadunt,
753 2692 905 2756 armaque
928 2693 1043 2757 capere
1066 2674 1120 2736 mi·

106 2798 146 2844 es
170 2785 203 2843 et
227 2777 274 2841 ire
297 2777 330 2841 in
353 2776 481 2845 ordines
503 2776 605 2841 iussit.

521 2970 585 3024 Car.
606 2970 676 3023 XIV.

182 3092 319 3173 Iamque
346 3111 463 3173 agmen
494 3091 526 3154 in
557 3110 673 3155 cornua
707 3090 846 3155 divisum
872 3091 942 3174 ipse
973 3090 1152 3171 ducebat]

110 3217 142 3259 m
176 3196 264 3259 Poro
292 3194 454 3260 nuntiatur
486 3195 583 3260 armis
616 3194 756 3276 virisque
790 3195 894 3278 ripam
924 3195 1068 3275 obtineri,
1088 3202 1120 3260 et

106 3321 176 3364 rum
200 3299 319 3364 adesse
343 3298 523 3364 discrimen.
549 3298 596 3362 Ac
618 3298 728 3383 primo,
753 3298 883 3363 humani
899 3299 1020 3382 ingenii
1042 3299 1120 3364 vitio

106 3405 136 3469 oi
163 3424 247 3469 suae
261 3403 441 3486 indulgens,
459 3403 616 3468 Abisaren
634 3403 711 3468 belli
734 3403 854 3468 socium
871 3441 911 3449 —
929 3410 960 3468 et
983 3403 1027 3468 ita
1048 3422 1119 3468 con-

106 3514 203 3573 nerat
232 3545 276 3553 —
306 3507 481 3572 adventare
515 3506 674 3572 credebat.
732 3506 816 3587 Mox,
842 3506 1011 3588 liquidiore
1048 3507 1154 3572 luceo

107 3610 241 3676 criente
280 3610 415 3691 hostem,
447 3621 467 3674 c
501 3609 671 3693 quadrigas
703 3616 734 3676 et
767 3621 819 3674 ΗΠ
851 3609 939 3674 milia
976 3610 1119 3692 equitum

106 3714 214 3780 nienti
262 3713 384 3797 agmini
422 3714 546 3780 obiecit.
600 3714 677 3778 Dux
713 3721 780 3780 erat
822 3712 993 3798 copiarum,
1040 3734 1118 3796 quas

106 3817 250 3900 remisit,
277 3818 397 3901 Hages,
422 3819 520 3884 frater
547 3818 655 3904 ipsius,
681 3837 805 3882 summa
827 3817 939 3884 virium
969 3819 1003 3884 in
1026 3818 1119 3882 curri-

114 3954 226 4001 CurtIus
242 3955 321 3997 Rufus
334 3967 383 3998 von
398 3954 521 4008 Stangl.
983 3942 1014 3992 16
