3040 4318
328 226 359 290 Q.
374 223 482 278 CUR'l'l
495 223 582 278 RUFI
598 223 850 277 HISTORIARUM
862 221 1112 276 ALEXANDRIV
1127 225 1149 275 1.
1221 222 1262 287 89

224 429 468 514 impedimenta:
515 431 629 498 eadem
669 430 848 496 trahentem
887 431 1112 512 Alexandrum,
1149 430 1263 512 quibus

223 536 318 600 rebus
341 542 435 600 antea
456 535 594 616 vicisset,
619 535 800 601 inferiorem
823 537 901 601 fore.
928 574 965 582 -
990 536 1089 600 Plena
1119 535 1263 600 omnibns
1283 545 1298 594 7

224 639 458 723 desperationis
481 640 649 705 videbatur
672 623 783 722 oratio,
807 640 925 725 quippe
948 639 1125 724 Babylona,
1153 639 1264 705 urbem

224 743 506 828 opulentissimam,
531 743 606 809 dedi
629 744 846 809 comentibus:
871 744 935 809 iam
958 743 1049 824 Susa,
1072 744 1136 808 iam
1159 751 1265 808 cetera

224 853 407 912 ornamenta
429 847 529 930 regni,
562 868 693 913 causam
722 847 808 928 belli,
840 847 994 913 victorem
1025 854 1262 932 occupaturum.

224 950 266 1014 At
288 951 343 1016 ille
359 951 475 1016 docere
493 951 609 1036 pergit,
633 972 696 1016 non
718 952 865 1035 speciosa
888 952 983 1032 dictu,
1009 951 1067 1016 scd
1081 971 1141 1015 usu
1156 971 1265 1016 neccs—
1282 959 1299 1011 8

224 1055 309 1120 saria
330 1055 363 1118 in
385 1056 480 1120 rebus
504 1055 648 1120 adversis
672 1055 835 1138 sequenda
857 1075 945 1120 osse:
970 1055 1054 1120 ferro
1077 1054 1146 1137 geri
1168 1055 1261 1134 bella,

223 1181 286 1224 non
308 1171 405 1240 auro,
418 1159 504 1241 viris,
528 1181 591 1225 non
613 1161 739 1226 urbium
754 1161 863 1226 tectis:
887 1160 993 1225 omnia
1009 1159 1099 1242 sequi
1114 1167 1262 1227 armatos

223 1264 277 1330 Sic
300 1265 437 1331 maiores
461 1286 546 1348 suos,
570 1268 734 1351 perculsos
757 1267 790 1332 in
805 1267 962 1352 principio
979 1287 1094 1348 rerum,
1118 1266 1263 1332 celeriter

224 1369 391 1453 pristinam
413 1391 583 1455 reparasse
607 1369 775 1436 fortunam.
790 1372 955 1454 -lgitur‚
979 1371 1047 1436 sive
1071 1369 1262 1436 confirmatis
1281 1376 1297 1427 9

224 1495 333 1540 eorum
366 1476 480 1540 animis
515 1477 583 1541 sive
620 1477 789 1561 imperium
822 1477 926 1560 magis
964 1497 1059 1559 quam
1097 1476 1262 1542 consilium

224 1581 437 1662 sequentibus,
463 1581 589 1646 Mediae
612 1580 691 1647 fines
714 1582 878 1666 ingressus
902 1587 960 1647 est.
1287 1665 1290 1670 Ι

185 1679 206 1749 2
331 1685 431 1750 Paulo
472 1693 547 1770 post
583 1686 765 1752 Alexandro
803 1687 923 1751 Arbela
959 1686 1135 1766 traduntur,
1173 1684 1317 1768 regia10

224 1787 426 1871 supellectile
451 1787 575 1872 ditique
598 1810 679 1872 gaza
707 1791 832 1874 repleta
856 1827 897 1836 -
920 1801 974 1852 llll
996 1788 1086 1853 milia
1107 1787 1263 1852 talentum

224 1890 315 1956 fuere
339 1929 381 1938 —
404 1899 572 1977 praeterea
594 1893 736 1978 pretiosa
758 1901 859 1973 veste,
887 1893 996 1974 totius,
1020 1899 1056 1957 ut
1080 1911 1176 1975 supra
1199 1890 1263 1956 dic·

224 2000 292 2057 tum
326 2002 384 2075 est,
422 1995 582 2060 exercitus
613 1996 728 2082 opibus
759 1996 792 2060 in
829 1996 917 2062 illam
947 1994 1058 2061 sedem
1088 1994 1261 2078 congestis.

224 2097 452 2181 ingruentibus
475 2098 592 2165 deinde
615 2100 744 2181 morbis,
769 2120 849 2184 quos
872 2100 951 2165 odor
973 2099 1163 2165 cadaverum
1186 2097 1262 2162 totis
1283 2106 1313 2155 11

224 2203 398 2269 iacentium
434 2205 555 2290 campis
590 2205 789 2288 vulgaverat,
825 2204 980 2270 maturius
1015 2211 1120 2270 castra
1151 2201 1260 2267 movit.

224 2308 382 2374 Euntibus
403 2329 424 2373 a
445 2315 536 2393 parte
563 2308 656 2374 laeva
685 2319 756 2374 crat
778 2309 908 2389 Arabia,
940 2309 1073 2374 odorum
1096 2306 1262 2372 fertilitate

223 2412 341 2478 nobilis
363 2413 463 2496 regio.
508 2411 695 2498 Campestro
718 2413 781 2479 iter
803 2421 854 2479 est
877 2415 913 2478 ta
935 2423 1022 2478 terra
1046 2412 1130 2478 inter
1151 2410 1263 2494 Tigrin
1283 2418 1315 2467 12

224 2522 257 2579 et
279 2516 466 2601 Euphraten
489 2516 616 2598 iacenti,
650 2524 715 2582 tam
745 2517 837 2582 uberi
860 2525 893 2582 et
915 2516 1037 2602 pingui,
1069 2523 1105 2580 ut
1127 2536 1147 2579 a
1168 2521 1262 2598 pastu

223 2619 338 2703 repelli
372 2640 488 2704 pecora
521 2620 676 2699 dicantur,
711 2641 752 2685 ne
787 2620 919 2686 satietas
953 2625 1105 2705 peremat.
1159 2617 1262 2683 Causa

223 2721 399 2788 fertilitatis
422 2731 471 2788 est
494 2723 617 2803 humor,
642 2723 698 2806 qui
720 2744 761 2788 111
783 2730 917 2806 utroque
940 2743 1033 2787 amne
1056 2728 1173 2806 manat,
1195 2727 1262 2786 toto

224 2825 291 2891 fere
314 2826 382 2892 solo
405 2833 536 2911 propter
551 2847 651 2891 venas
667 2847 822 2910 aquarum
843 2825 1027 2891 resudante.
1062 2822 1130 2909 Ipsi
1152 2834 1314 2890 amncs13

224 2950 266 2994 111
303 2931 476 2995 Armeniae
513 2931 675 2996 montibus
711 2930 872 3015 profluunt
908 2951 946 2995 ac
983 2950 1099 3013 magno
1146 2927 1262 2994 deinde

223 3053 376 3117 aquarum
414 3033 552 3100 divortio
589 3035 659 3116 iter,
707 3034 793 3117 quod
830 3041 1011 3118 coeperunt,
1057 3039 1262 3118 percurrunt:

223 3149 250 3200 ΙΙ
276 3135 366 3203 milia
390 3147 421 3204 et
444 3139 620 3222 quingenta
650 3138 756 3204 stadia
786 3138 907 3203 emensi
939 3143 1021 3218 sunt,
1053 3137 1108 3220 qui
1137 3137 1263 3222 amplis·

224 3241 339 3306 simum
369 3241 572 3306 intervallum
604 3242 690 3306 eirca
712 3243 885 3306 Armeniae
915 3248 1040 3306 montes
1062 3246 1261 3306 notavemnt.

223 3345 314 3411 Idem
345 3367 417 3411 cum
440 3346 564 3411 Mediae
596 3355 628 3412 et
651 3347 892 3431 Gordyaeorum
921 3353 1024 3412 terras
1055 3366 1164 3411 secare
1194 3355 1316 3410 coe-14

223 3458 346 3536 parunt,
368 3451 523 3536 paulatim
540 3451 572 3514 in
588 3451 688 3517 artius
705 3457 820 3516 coeunt
836 3458 877 3533 et,
903 3470 965 3533 quo
982 3449 1109 3532 longius
1125 3456 1261 3530 manant,

223 3553 284 3618 hoc
306 3553 475 3637 angustius
499 3554 582 3619 inter
597 3575 633 3620 se
649 3555 787 3639 spatium
803 3562 907 3619 terrae
923 3554 1118 3637 relinquunt.
1157 3552 1262 3616 Vicini
1283 3564 1314 3613 15

223 3656 360 3721 maxime
390 3663 463 3722 sunt
493 3657 527 3721 in
560 3658 692 3742 campis,
729 3677 808 3741 quos
842 3657 967 3722 incolae
998 3656 1262 3740 Mesopotamiam

223 3760 404 3844 appellant:
436 3761 575 3826 mediam
597 3781 735 3844 namque
766 3765 807 3829 ab
838 3769 974 3843 utroque
996 3761 1095 3826 latere
1120 3758 1261 3824 cludunt.

223 3862 368 3928 Tandem
412 3885 471 3950 per
509 3865 757 3949 Babyloniorum
802 3864 882 3930 fines
928 3865 959 3928 in
997 3863 1129 3928 rubrum
1173 3881 1262 3925 mare
