3040 4318
371 231 622 289 HISTORIARUM
639 228 855 284 ALEXANDRI
871 228 910 280 IV
931 229 971 280 ll.
992 228 1032 279 12.
1177 223 1219 288 69

181 449 284 508 retur:
319 441 407 526 ipsos
438 446 557 525 petere,
592 444 626 503 ut
657 457 753 520 quarn
782 435 919 523 primum
950 431 1148 497 dimittantur
1177 426 1219 492 ad

180 568 310 629 regem:
345 567 418 611 eum
453 564 579 628 quoque
612 543 731 608 bellum
764 559 878 627 parare
912 538 1041 603 debere.
1087 534 1218 601 Dimissi

180 651 333 732 nuntiant,
357 648 473 715 adesse
496 655 665 713 certamen.

630 838 695 892 Cre.
713 837 774 890 XII.

126 961 171 1032 45
286 963 344 1027 llle
367 960 495 1044 quidem
511 958 679 1024 confestim
694 959 859 1022 Mazaeum
874 976 946 1020 oum
959 955 1061 1020 tribus
1076 955 1218 1038 equitum
1238 970 1250 1018 1

178 1067 307 1132 milibus
341 1064 383 1131 ad
417 1064 539 1143 itinera,
575 1083 659 1146 quae
692 1061 794 1126 hostis
828 1059 985 1143 petiturus
1013 1064 1092 1136 erat,
1127 1077 1216 1124 occu·

179 1169 287 1258 panda
310 1167 481 1254 praemisit.
528 1164 713 1231 Alexander
741 1162 866 1247 corpori
895 1161 1003 1227 uxoris
1032 1160 1100 1226 eius
1123 1159 1251 1228 iustisa

178 1273 350 1362 persolutis
372 1271 520 1354 omnique
551 1270 697 1354 graviore
729 1267 880 1333 comitatu
909 1265 993 1330 intra
1015 1265 1129 1330 eadem
1153 1287 1217 1331 mu·

179 1379 319 1444 nimenta
342 1396 414 1441 oum
443 1375 570 1440 modico
601 1371 760 1458 praesidio
790 1370 901 1435 relicto
931 1369 973 1434 ad
999 1370 1124 1435 hostem
1147 1390 1216 1434 con-

178 1483 290 1549 tendit.
337 1482 377 1544 In
400 1479 462 1544 duo
487 1497 605 1544 cornua
628 1477 782 1542 diviserat
800 1473 953 1559 peditem,
976 1474 1102 1557 utrique
1125 1474 1217 1540 lateri
1236 1490 1252 1539 3

179 1588 286 1671 equite
324 1584 535 1650 circumdato:
570 1582 797 1668 impedimenta
838 1580 1054 1664 sequebantur
1089 1601 1216 1663 agmen.

178 1690 391 1756 Praemissum
414 1687 530 1754 deinde
557 1708 629 1752 cum
652 1687 750 1752 suetis
774 1684 932 1768 equitibus
955 1681 1106 1748 Menidan
1129 1684 1252 1749 iubet4

179 1795 351 1880 explorare,
375 1792 430 1858 ubi
446 1792 569 1857 Dareus
593 1798 687 1857 esset.
724 1789 768 1854 At
789 1789 852 1870 ille,
879 1809 951 1853 cum
966 1788 1115 1852 Mazaeus
1131 1786 1218 1852 haud

177 1898 289 1984 procul
326 1896 533 1978 consedisset,
572 1917 635 1960 non
672 1914 769 1960 ausus
802 1894 883 1958 ultra
917 1891 1099 1977 procedere,
1137 1891 1216 1956 nihil

177 2002 266 2067 aliud
296 2022 391 2085 quam
424 1999 585 2065 fremitum
618 1999 780 2067 hominum
813 1997 1033 2079 hinnitumque
1064 2016 1216 2079 equorum

178 2106 347 2173 exaudisse
377 2105 510 2174 nuntiat,
557 2105 705 2170 Mazaeus
737 2123 862 2187 quoque
896 2101 1075 2186 conspectis
1105 2100 1250 2186 procula

178 2210 429 2296 exploratoribus
458 2209 491 2273 in
522 2215 624 2274 castra
652 2227 687 2274 se
720 2207 850 2293 recepit,
885 2206 1044 2272 adventus
1078 2204 1217 2270 hostium

179 2316 315 2382 nuntius.
351 2315 453 2399 Igitur
475 2315 608 2396 Dareus,
632 2315 687 2398 qui
709 2314 742 2378 in
763 2312 944 2398 patentibus
967 2312 1088 2397 campis
1110 2310 1217 2376 decer-

178 2441 255 2487 nere
278 2420 417 2506 optahat,
448 2420 563 2484 armari
593 2420 725 2484 militem
754 2419 842 2483 iubet
870 2418 1035 2500 aciemque
1065 2416 1215 2502 disponit.

178 2527 217 2590 In
239 2526 332 2591 laevo
355 2546 454 2590 cornu
476 2524 637 2590 Bactriani
659 2525 748 2589 ibant
767 2523 901 2605 equites,
927 2524 1012 2588 mille
1027 2522 1214 2589 admodum:
1235 2542 1250 2591 6

178 2630 293 2695 Dahae
322 2628 454 2694 totidem
485 2636 517 2694 et
540 2628 707 2694 Arachosii
731 2628 923 2709 Susianique
954 2635 1101 2710 quattuor
1130 2629 1216 2695 milia
1262 2609 1265 2616 Δ

179 2734 360 2819 explebant.
423 2733 492 2798 Hos
530 2739 657 2797 centum
697 2731 808 2796 falcati
845 2752 954 2797 currus
992 2734 1214 2816 sequebantur.

179 2837 346 2904 Proximus
370 2837 535 2921 quadrigis
558 2844 626 2904 erat
649 2840 770 2905 Bessus
794 2858 866 2902 cum
890 2848 954 2902 VIII
980 2837 1107 2903 milibus
1131 2841 1216 2922 equi·

178 2951 254 3023 tum,
278 2943 354 3008 item
377 2942 565 3009 Bactrianis.
600 2945 802 3027 Massagetae
817 2943 941 3007 duobus
956 2942 1084 3007 milibus
1099 2963 1215 3026 agmen
1234 2967 1249 3015 7

178 3046 247 3112 eius
271 3046 473 3113 claudebant.
519 3048 649 3114 Pedites
675 3048 726 3113 his
748 3049 886 3134 plurium
909 3048 1051 3130 gentium
1073 3070 1136 3113 non
1158 3050 1213 3114 im-

178 3151 305 3233 mixtos,
345 3151 403 3217 sed
440 3171 516 3218 suae
551 3153 705 3236 cuiusque
738 3152 875 3218 nationis
912 3152 1059 3218 iunxerat
1096 3154 1214 3238 copias.

177 3256 293 3321 Persas
324 3255 440 3322 deinde
471 3277 542 3322 curn
572 3257 693 3322 Mardis
725 3255 961 3340 Sogdianisque
984 3257 1215 3324 Ariobarzanes

178 3367 210 3426 et
225 3361 438 3427 Orontobates
453 3361 620 3428 ducebant.
655 3363 707 3427 Illi
722 3363 864 3446 partibus
880 3363 1049 3448 copiarum,
1074 3382 1215 3429 summae
1234 3383 1251 3433 s

177 3465 308 3531 Orsines
331 3473 486 3550 praeerat,
517 3473 683 3552 aseptem
706 3467 813 3532 Persis
843 3467 1001 3549 oriundus,
1032 3465 1074 3532 ad
1098 3468 1215 3552 Cyrum
1259 3489 1261 3496 ’
1324 3447 1327 3452 ’

179 3589 314 3652 quoque,
354 3569 585 3635 nobilissimum
622 3591 740 3653 regern,
783 3570 938 3654 originem
976 3570 1025 3635 sui
1061 3571 1214 3637 referens.

178 3674 248 3738 Hcs
270 3673 352 3740 aliae
376 3681 498 3757 gentes,
530 3695 570 3740 ne
594 3674 689 3740 sociis
719 3675 848 3757 quidem
878 3675 954 3741 satis
977 3682 1080 3756 uotae,
1106 3695 1212 3758 seque·
1234 3695 1249 3745 9

178 3777 303 3843 bantur.
348 3779 424 3844 Post
440 3798 518 3861 quas
545 3777 764 3862 Lquadrigas
780 3778 958 3844 Phradates
975 3800 1092 3863 magno
1109 3779 1216 3865 Caspi-

179 3907 269 3951 orum
292 3885 421 3968 agmine
445 3883 664 3950 antecedebat.
710 3883 783 3949 Indi
814 3885 975 3967 ceterique
1005 3887 1090 3951 rubri
1120 3889 1215 3954 maris
