2970 4322
406 194 659 248 HISTORIARUM
677 191 893 246 ALEXANDRI
913 192 936 242 X
956 195 979 244 4.
1148 195 1212 261 295

143 464 145 474 ,
172 403 288 488 coepit:
319 403 376 488 qui
398 425 461 466 non
484 401 584 464 multo
607 409 680 486 post
706 399 742 462 in
771 399 874 484 ipsius
903 401 1047 484 eaequiis
1077 413 1210 468 certasse

161 507 334 592 ferantur.
380 507 449 572 Nec
484 507 587 570 amici
623 515 693 568 tam
723 502 821 590 effuso
852 503 970 589 affecta
1000 506 1046 569 ad
1080 508 1209 571 concili-

172 612 297 675 andam
327 612 396 675 eias
422 611 568 698 qratiam
603 609 739 695 sepniter
772 609 824 671 usi
855 609 1004 672 certatim
1037 633 1210 697 repperere,

162 739 225 800 per
248 738 331 800 qaae
346 715 504 780 memoria
529 713 678 799 defuncti
700 713 822 776 clarior
844 713 1089 799 honoratiorque
1104 715 1209 797 fleret.

170 821 275 906 Ipitar
290 819 458 901 Eumenes,
483 841 557 881 cam
573 841 603 881 se
619 817 654 882 ob
670 817 868 881 simultatem
889 839 963 879 cam
979 817 1211 902 Hephaestione

169 925 253 1010 repis
275 924 531 1010 indipnationem
556 923 752 986 contrauisse
774 922 926 1002 sensisset,
958 921 1068 986 multis
1098 934 1211 988 auctor

161 1028 239 1113 fait
262 1050 353 1113 seque
376 1037 405 1091 et
428 1050 524 1090 arma
547 1049 608 1090 saa
632 1025 862 1110 Hephaestioni
885 1027 1094 1090 consecrandi
1109 1051 1208 1112 peca-

167 1133 302 1218 niasqae
327 1132 372 1196 ad
396 1131 664 1195 cohonestandum
688 1130 799 1216 fanus
830 1128 918 1216 larpe
943 1131 1084 1194 contulit.
1138 1132 1209 1196 Hoc

166 1237 349 1322 enemplum
372 1237 497 1300 imitati
519 1245 592 1299 sunt
616 1235 731 1298 ceteri:
762 1257 856 1319 eoque
879 1256 954 1297 mou
977 1236 1133 1319 processit
1156 1260 1207 1300 as-

166 1341 379 1405 sentationum
396 1340 612 1425 impatientia,
633 1349 669 1402 ut
683 1339 762 1425 rapi,
778 1360 923 1402 maerore
938 1347 967 1402 et
981 1338 1139 1404 desiderio
1155 1341 1207 1404 de-

157 1445 276 1530 functi
298 1445 485 1526 insanienti,
508 1465 705 1529 persuasam
729 1443 861 1506 tandem
882 1441 994 1528 faerit
1023 1443 1120 1507 deam
1146 1467 1208 1508 esse

167 1548 443 1633 Hephaestionem.
485 1545 555 1620 Quo
571 1547 702 1632 quidem
718 1557 854 1631 tempore
871 1569 909 1610 esc
926 1547 1095 1632 copiarum
1114 1549 1206 1612 daci-

166 1653 225 1716 bus
253 1649 444 1738 Apathocles
477 1651 613 1718 Samias
648 1651 693 1715 ad
726 1661 905 1714 eatremum
933 1651 1078 1736 periculi
1111 1653 1207 1734 venit,

164 1756 251 1841 qaod
284 1755 375 1819 illias
409 1756 571 1820 tumulum
613 1756 815 1840 praeteriens
859 1754 1076 1819 illacrimasse
1121 1757 1239 1831 vans,

164 1870 250 1924 esset.
302 1857 352 1924 Ac
381 1860 448 1924 nisi
470 1860 659 1941 Perdiccas,
687 1859 819 1922 venanti
848 1859 911 1922 sibi
942 1859 1207 1944 Hephaestionem

164 1965 356 2048 apparuisse
368 1964 544 2045 ementitus,
563 1986 625 2049 per
648 1963 720 2027 deos
742 1985 849 2027 omnes
871 1963 1038 2048 ipsumque
1059 1963 1204 2049 Hephae-

163 2068 296 2132 stionem
331 2068 511 2149 deierasset,
547 2091 586 2131 66
620 2068 687 2152 ipso
716 2089 747 2130 sc
778 2068 963 2154 capnooisse,
998 2064 1206 2153 Apathoclem

120 2235 123 2240 ,
164 2195 228 2235 non
261 2181 297 2235 ut
331 2181 492 2235 mortuam
522 2181 551 2235 66
584 2194 689 2234 66666
723 2170 908 2234 diuinitatis
941 2171 1045 2234 titulis
1069 2171 1206 2257 frustra

165 2285 317 2338 ornatam
332 2275 470 2358 flevisse,
493 2297 605 2338 aerum
628 2275 664 2338 ob
688 2275 881 2339 memoriam
897 2275 1060 2359 pristinae
1083 2276 1203 2340 sodali-

164 2379 241 2442 tatis
265 2379 425 2442 lacrimas
447 2401 510 2442 non
533 2379 678 2460 tenuisse,
709 2379 762 2440 cir
782 2377 887 2463 fortis
910 2389 938 2442 et
961 2378 999 2442 de
1028 2401 1099 2465 repe
1131 2381 1205 2444 bene

162 2483 298 2546 meritas
313 2483 449 2568 pietatis
464 2483 501 2546 in
517 2483 664 2546 amicum
680 2505 796 2568 prauos
812 2505 935 2568 poenas
950 2483 1081 2547 innonio
1101 2485 1206 2568 capite

155 2587 368 2672 pependisset.

269 2687 416 2754 Ceteram
442 2700 478 2753 ut
500 2690 672 2775 paulisper
695 2715 717 2754 a
741 2689 830 2753 lactu
861 2701 1011 2754 avocaret
1042 2692 1203 2773 animam,

163 2795 200 2857 in
215 2791 425 2858 Cossaeorum
444 2805 568 2880 pentem
591 2795 823 2879 cupeditionem
845 2796 990 2880 suscepit.
1030 2795 1113 2880 lupa
1134 2796 1200 2859 Me·

161 2899 239 2962 diae
266 2899 376 2962 vicina
401 2896 530 2963 Cossaei
560 2909 672 2980 tenent,
704 2921 855 2984 asperum
884 2909 913 2962 66
943 2923 1018 2963 aare
1045 2922 1144 2986 penus
1174 2910 1203 2963 et

155 3003 353 3088 praedando
383 3003 487 3066 vitam
517 3002 653 3066 tolerare
683 3003 822 3066 solitum.
868 3001 917 3066 Ab
948 3004 999 3067 his
1025 3004 1204 3066 Persarum

161 3128 248 3192 repes
263 3129 372 3171 annuo
391 3107 509 3171 tributo
525 3129 644 3192 pacem
666 3107 823 3171 redimere
847 3117 1082 3188 consueuerant,
1106 3130 1145 3170 ne
1167 3109 1204 3170 in

161 3211 303 3274 subiecta
324 3212 525 3274 decurrentes
546 3209 701 3296 infestam
725 3210 907 3274 latrociniis
929 3212 1087 3296 ropionem
1102 3210 1201 3295 face·

159 3324 240 3378 rent.
287 3315 378 3377 Nam
401 3315 469 3377 aim
495 3324 683 3400 temptantes
705 3314 824 3378 Persas
845 3314 955 3398 facile
985 3315 1201 3399 reppulerant,

161 3419 334 3504 asperitate
350 3417 491 3482 locorum
514 3418 650 3503 defensi,
673 3418 710 3482 in
732 3441 815 3503 qaae
837 3440 867 3481 se
891 3419 1102 3502 recipiebant,
1126 3441 1222 3502 quo.

160 3523 243 3586 tiens
274 3522 378 3585 armis
406 3522 652 3607 superabantur.
699 3523 787 3585 Idem
815 3520 1002 3584 muneribus
1032 3523 1203 3606 quotannis

152 3627 390 3712 placabantur,
406 3636 442 3688 at
456 3627 525 3712 rapi
541 3625 731 3708 Ecbatanis,
746 3626 803 3689 abi
819 3626 941 3689 aestiva
961 3624 1079 3688 solebat
1098 3648 1200 3710 apere,

160 3729 363 3816 Babylonem
377 3729 574 3814 remipranti
596 3739 682 3793 tatas
697 3753 759 3814 per
782 3753 820 3793 ea
843 3729 914 3793 loca
937 3729 1094 3792 transitus
1116 3739 1199 3792 esset.

161 3834 230 3898 Hos
252 3835 354 3920 ipitar
365 3831 564 3917 Aleuander,
588 3835 741 3920 bipartito
765 3835 894 3922 apmine
917 3843 1092 3920 oppressus,
1110 3834 1200 3898 intra
