2970 4322
396 236 648 291 nrsnonranun
667 208 881 289 nnnxnnmu
900 235 925 288 x
943 238 967 288 c.
1138 237 1203 302 303

160 451 277 510 stetur:
325 442 422 509 duces
473 442 689 527 praefectique
741 442 903 526 copiarum
952 441 1002 508 his
1046 445 1199 527 pareant?

157 549 346 614 Ptolomaeo
377 545 516 630 qnidam,
541 545 707 630 pauciores
737 545 908 612 Perdiccae
935 545 1200 612 assentiebantur.
1222 561 1255 612 16

158 653 241 717 Tum
260 651 427 716 Aristonus
450 670 540 716 orsus
563 657 611 716 est
634 650 749 732 dicere,
767 650 986 716 Alexandrum
1009 649 1202 735 consultum,

160 756 211 821 cui
233 756 427 838 relinqueret
448 775 593 838 regnum,
617 755 757 820 voluisse
784 754 941 839 optimum
964 754 1072 839 deligi.
1118 754 1202 819 Iudi-

161 867 266 926 catum
290 867 398 924 autem
428 859 469 924 ab
499 859 569 944 ipso
599 859 755 943 optimum
777 859 971 941 Perdiccam,
996 861 1046 926 cui
1070 861 1201 925 anulum

159 964 354 1030 tradidisset.
391 964 505 1046 Neque
528 963 612 1029 enim
635 984 733 1028 unum
764 984 836 1028 eum
858 964 1018 1030 assedisse
1042 964 1200 1046 morienti,
1221 980 1253 1029 17

161 1068 221 1134 sed
244 1069 517 1137 circumferentem
540 1069 650 1134 oculos
671 1088 711 1134 ex
729 1070 822 1134 turba
839 1069 1013 1134 amicorum
1029 1069 1200 1153 delegisse,

156 1173 207 1239 cui
241 1173 390 1239 traderet.
437 1173 568 1238 Placere
597 1173 695 1256 igitur
720 1191 875 1238 summam
905 1173 1028 1258 imperii
1060 1173 1103 1239 ad
1128 1174 1200 1239 Per-

159 1277 283 1342 diccam
312 1276 438 1342 deferri.
491 1277 560 1342 Nec
589 1276 785 1358 dubitavere,
821 1277 897 1360 quin
931 1299 1007 1345 vcra
1041 1286 1198 1344 censeret.
1220 1291 1253 1342 18

155 1384 269 1465 ltaque
292 1382 432 1448 universi
454 1382 628 1468 procedere
646 1383 680 1448 in
698 1383 837 1449 medium
853 1384 1042 1450 Perdiccam
1062 1390 1094 1450 et
1114 1383 1201 1467 regis

155 1487 286 1552 anulum
318 1485 429 1553 tollere
463 1485 623 1552 iubebant.
674 1486 838 1553 Haerebat
872 1486 955 1552 inter
990 1487 1199 1572 cupiditatem

155 1590 372 1676 pudoremque
385 1597 424 1672 ct,
438 1610 500 1673 quo
516 1589 700 1672 modestius,
713 1591 798 1673 quod
814 1593 1013 1676 expectabat,
1026 1598 1200 1678 appeteret,

155 1695 352 1781 pervicacius
382 1696 546 1762 oblaturos
576 1714 648 1762 esse
678 1694 838 1760 credebat.
884 1696 997 1778 Itaque
1027 1701 1195 1762 cunctatus
1217 1707 1250 1760 19

154 1798 281 1882 diuque,
306 1799 384 1882 quid
406 1806 525 1882 ageret,
549 1798 688 1864 incertus
709 1799 751 1864 ad
773 1801 920 1865 ultimum
939 1806 1046 1866 tamen
1061 1801 1196 1867 recessit

100 1905 141 1977 21
154 1910 186 1969 et
201 1910 274 1989 post
289 1923 352 1985 eos,
371 1904 424 1986 qni
444 1902 593 1968 sederant
615 1904 761 1989 proximi,
778 1901 928 1969 constitit.
963 1905 1004 1969 At
1021 1905 1193 1988 Meleager,
1216 1918 1251 1969 20

156 2027 237 2074 unus
275 2029 292 2073 e
330 2007 474 2088 ducibus,
515 2005 701 2073 confirmato
737 2008 855 2091 animo,
895 2029 989 2091 quem
1027 2008 1199 2075 Perdiccae

157 2113 318 2178 cunctatio
341 2119 494 2193 erexerat,
515 2113 597 2177 ‘Nec
620 2111 653 2176 di
677 2111 806 2193 sierint,'
830 2113 942 2196 inquit,
965 2110 1009 2178 ‘ut
1024 2113 1199 2178 Alexandri

156 2217 285 2282 fortuna
307 2217 450 2299 tantique
476 2216 566 2299 regni
589 2211 752 2300 fastigium
779 2217 812 2281 in
834 2217 915 2282 istos
938 2217 1087 2284 humeros
1110 2225 1197 2282 ruat:

155 2320 301 2386 homines
331 2327 416 2386 certe
445 2341 509 2386 non
539 2320 650 2386 ferent.
696 2319 786 2385 Nihil
817 2321 888 2387 dico
920 2321 961 2388 de
990 2322 1199 2388 nobilioribus

155 2445 251 2507 quam
273 2424 326 2491 hic
349 2432 407 2506 est,
432 2423 492 2490 scd
515 2423 555 2490 de
577 2425 654 2492 viris
684 2432 817 2507 tantum,
843 2427 958 2509 quibus
986 2427 1095 2492 invitis
1118 2426 1199 2491 nihil

155 2529 279 2614 perpeti
302 2548 436 2595 necesse
458 2535 516 2594 est.
561 2529 631 2595 Nec
653 2517 738 2595 vero
751 2529 890 2610 interest,
915 2530 1063 2596 Roxanes
1086 2530 1196 2611 filium,
1217 2544 1248 2592 21

156 2633 348 2716 quandoque
378 2632 506 2717 genitus
529 2633 598 2714 erit,
621 2656 663 2699 an
686 2635 871 2700 Perdiccam
902 2655 1010 2719 regem
1040 2635 1198 2717 babeatis,

156 2757 227 2802 cum
257 2737 318 2802 iste
353 2738 412 2803 sub
447 2737 567 2803 tutelae
597 2739 705 2824 specie
738 2759 871 2823 regnum
906 2746 1116 2826 occupaturus
1146 2739 1195 2804 sit.

156 2841 271 2924 ltaque
295 2863 388 2908 nemo
412 2842 441 2908 ei
464 2862 521 2907 rex
543 2843 658 2928 placet,
681 2843 743 2909 nisi
774 2844 827 2927 qui
859 2845 998 2909 nondum
1021 2852 1114 2910 natus
1138 2850 1195 2924 est,

156 2945 243 3011 etin
274 2953 364 3011 tanta
394 2946 533 3012 omnium
564 2946 767 3013 festinatione
797 2969 860 3012 non
891 2948 976 3013 iusta
1005 2947 1108 3028 modo,
1140 2948 1197 3012 secl

155 3050 252 3114 etiam
275 3050 457 3116 necessaria
487 3059 619 3116 exactos
649 3071 774 3117 menses
797 3053 885 3118 solus
908 3059 1056 3137 expectat
1079 3059 1111 3116 et
1133 3052 1197 3116 iam

155 3155 277 3220 divinat
311 3177 430 3221 marem
461 3175 533 3221 esse
567 3162 763 3240 conceptum.
817 3157 920 3232 Quem
953 3175 1010 3220 vos
1045 3156 1196 3221 dubitetis

155 3266 301 3345 paratum
324 3279 394 3324 esse
417 3260 469 3324 vel
492 3257 655 3324 subdere?
693 3259 727 3324 si
750 3257 990 3325 mediusfidius
1014 3259 1198 3324 Alexander
1216 3281 1250 3330 22

155 3362 241 3428 hunc
263 3364 355 3428 nobis
377 3383 484 3446 regern
508 3385 564 3449 pro
588 3383 623 3429 se
649 3363 839 3446 reliquisset,
865 3363 899 3427 id
930 3363 1034 3428 solum
1064 3383 1105 3428 ex
1136 3362 1195 3444 his,

156 3487 239 3550 quae
270 3467 466 3552 imperasset,
490 3489 553 3532 non
584 3467 764 3532 faciendum
794 3487 864 3532 esse
895 3486 1066 3532 censerem.
1114 3466 1198 3543 Quin
1217 3489 1250 3540 23

155 3571 255 3655 igitur
276 3571 318 3636 ad
340 3572 536 3657 diripiendos
559 3573 725 3638 thesauros
748 3571 948 3638 discurritis?
978 3571 1091 3635 harum
1114 3570 1198 3636 enim

156 3695 253 3761 opum
275 3676 431 3758 regiarum
454 3677 563 3759 utique
582 3676 719 3762 populus
735 3681 784 3741 est
798 3672 915 3741 herea’
948 3675 1038 3740 Haec
1054 3675 1197 3740 elocutus
1217 3697 1250 3746 24

157 3800 215 3866 per
236 3777 359 3844 medios
381 3787 520 3846 armatos
532 3780 645 3864 erupit,
662 3787 702 3860 et,
721 3779 774 3862 qui
789 3779 918 3844 abeunti
934 3779 1018 3844 viam
1035 3777 1198 3857 dederant,

157 3885 262 3970 ipsum
285 3884 328 3948 ad
350 3885 581 3968 pronuntiatam
604 3884 757 3970 praedam
780 3884 1002 3967 sequebantur.
