3040 4318
457 243 707 300 HISTORIARUM
724 243 939 298 ALEXANDRI
959 244 982 297 V
1001 246 1025 295 4.
1202 243 1260 306 101

223 460 421 536 occupasset,
467 471 540 516 cum
577 449 806 535 trepidantium
844 449 1050 514 harbarorum
1091 450 1262 528 tumultum

223 555 418 637 exaudisset,
449 573 645 640 persequens
675 561 744 620 tum
765 573 877 638 regem
906 553 941 618 id
971 552 1076 639 ipsum
1098 553 1168 635 iter,
1200 575 1261 637 quo

223 659 326 742 pridie
349 661 435 746 pulsi
465 661 602 742 fuerant,
633 679 673 726 ne
704 658 866 724 dubitaret
896 657 1039 741 ingredi:
1071 658 1189 744 quippe
1211 679 1263 724 va·

170 761 210 832 15
222 783 316 828 ouum
339 765 418 847 fore,
431 764 577 830 hostibus
600 764 632 830 in
655 770 756 830 semet
778 761 910 830 aversis.
948 763 1024 848 Ipse
1039 762 1134 828 tertia
1148 763 1262 848 vigilia
1282 779 1313 829 17

221 868 328 934 silenti
357 869 485 953 agmine
515 889 555 934 ae
583 889 625 934 ne
655 869 733 934 tuba
762 867 892 950 quidem
923 867 999 933 dato
1032 867 1126 950 signo
1156 867 1264 952 pergit

221 972 263 1036 ad
286 972 539 1040 demonstratum
562 973 622 1038 iter
653 971 797 1038 callium:
828 971 926 1037 tridui
955 971 1107 1036 alimenta
1136 979 1264 1057 portare

221 1076 354 1142 militem
384 1077 520 1144 iusserat
549 1077 664 1144 leviter
694 1083 861 1143 armatum.
909 1077 975 1143 Sed
1002 1083 1129 1161 praeter
1158 1077 1260 1144 invias
1281 1089 1313 1140 18

222 1200 317 1266 rupes
351 1203 389 1248 ao
419 1189 592 1267 praerupta
621 1201 708 1262 saxa,
739 1181 913 1265 vestigium
943 1180 1080 1246 subinde
1110 1181 1264 1266 fallentia,

222 1285 277 1349 nix
300 1286 461 1351 cumulata
483 1293 580 1352 vento
602 1285 813 1370 ingredientis
836 1283 1008 1370 fatigabat:
1033 1285 1152 1370 quippe
1174 1286 1264 1350 velut

221 1389 254 1454 in
288 1389 402 1456 foveas
436 1389 535 1456 delati
567 1389 797 1456 hauriebantur
830 1395 872 1470 et,
912 1410 985 1455 cum
1022 1411 1042 1456 a
1079 1390 1264 1456 commilito·

222 1493 317 1559 nibus
347 1495 569 1576 allevarentur,
605 1493 774 1560 trahebant
807 1494 912 1578 magis
944 1493 1134 1560 adiuvantes
1168 1515 1263 1577 quam

222 1597 444 1680 sequebantur.
490 1598 563 1664 Nox
591 1618 717 1682 quoque
747 1605 780 1664 et
809 1597 924 1681 ignota
951 1597 1041 1681 regio
1070 1617 1109 1663 ac
1132 1597 1198 1662 dux
1219 1633 1264 1645 -—
1283 1613 1315 1664 19

222 1701 389 1784 incertum,
420 1723 462 1768 an
493 1703 571 1768 satis
601 1701 683 1768 fidus
714 1740 756 1751 -
787 1701 1042 1788 multiplicabant
1064 1709 1200 1767 metum:
1236 1703 1263 1768 si

221 1805 370 1872 custodes
392 1806 570 1888 fefellisset,
601 1807 692 1890 quasi
722 1807 806 1872 feras
837 1806 958 1872 bestias
981 1806 1069 1892 ipsos
1092 1827 1187 1891 posse
1210 1807 1262 1872 de-

222 1908 388 1994 prehendi.
440 1909 491 1975 Ex
523 1911 617 1976 nnius
647 1910 767 1996 captivi
797 1911 847 1976 vel
876 1910 940 1976 fide
969 1911 1022 1976 vel
1051 1910 1159 1976 anima
1187 1931 1263 1996 pen·

221 2013 299 2078 dere
332 2022 364 2080 et
397 2014 484 2098 regis
517 2015 653 2081 salutem
687 2021 719 2080 et
753 2035 853 2080 suam.
898 2014 1044 2080 Tandem
1076 2035 1195 2081 venare
1228 2017 1260 2081 in
1279 2038 1314 2088 20

220 2117 341 2201 iugum.
388 2118 417 2184 A
453 2118 567 2185 dextra
600 2119 661 2185 iter
694 2119 736 2184 ad
770 2119 874 2204 ipsum
909 2120 1148 2187 Ariobarzanen
1182 2128 1259 2186 erat.

221 2221 283 2287 Hic
307 2222 468 2288 Philotam
491 2231 523 2289 et
546 2223 674 2289 Coenon
706 2245 778 2290 cum
801 2224 942 2308 Amynta
964 2231 996 2290 et
1018 2225 1260 2310 Polyperconte,

220 2327 405 2412 expeditam
427 2327 583 2394 habentes
605 2350 743 2412 manum,
768 2328 925 2412 relinquit,
949 2329 1096 2410 monitos,
1119 2337 1163 2410 ut,
1187 2330 1262 2414 quia

220 2439 253 2496 et
276 2451 374 2514 eques
396 2431 498 2517 pediti
519 2431 580 2498 iret
602 2433 721 2499 mixtus
744 2441 777 2498 et
800 2455 894 2517 quam
913 2433 1161 2518 pinguissimum
1177 2442 1262 2500 esset

220 2536 323 2602 solum
347 2543 379 2602 et
401 2535 511 2622 pabuli
533 2536 648 2619 fertile,
673 2539 792 2604 sensim
806 2537 1033 2623 procederent:
1056 2538 1156 2604 duces
1171 2547 1261 2604 erant

219 2639 341 2706 itineris
372 2639 412 2706 de
442 2641 578 2726 captivis
608 2640 683 2708 dati.
730 2644 805 2728 Ipse
835 2663 907 2708 cum
936 2643 1104 2726 armigeris
1138 2650 1169 2708 et
1199 2644 1258 2724 ala,
1278 2663 1309 2712 21

219 2764 314 2826 quam
335 2765 453 2827 agenna
482 2746 697 2831 appellabant,
726 2745 827 2812 ardua
857 2747 981 2828 semita,
1013 2746 1070 2812 sed
1092 2747 1261 2830 longiusa

220 2847 411 2913 stationibus
441 2849 582 2915 hostium
612 2857 735 2915 remota
764 2851 865 2915 multa
895 2871 967 2917 oum
998 2851 1167 2917 vexatione
1191 2871 1260 2936 pro-

220 2951 325 3017 cessit.
371 2952 497 3019 Medius
520 2961 588 3020 erat
611 2953 679 3020 dies
709 2961 741 3020 et
771 2954 916 3038 fatigatis
946 2956 1128 3022 necessaria
1150 2953 1258 3039 quies:
1278 2976 1311 3024 22

219 3055 337 3141 quippe
370 3058 558 3124 tantundem
592 3058 714 3125 itineris
748 3065 923 3143 supererat,
955 3068 1108 3143 quantum
1138 3061 1260 3126 emensi

219 3167 317 3242 erant,
341 3159 400 3226 scd
423 3161 528 3228 minus
544 3162 727 3247 praecipitis
742 3170 838 3246 atque
860 3163 960 3228 ardui.
995 3165 1107 3247 Itaque
1130 3163 1259 3230 refectis
1278 3183 1311 3233 23

219 3263 291 3329 cibo
329 3282 504 3349 somnoque
542 3267 695 3332 militibus
729 3267 873 3332 secunda
906 3268 1018 3352 vigilia
1054 3269 1165 3352 surgit.
1218 3269 1260 3334 Et

220 3375 327 3434 cetera
354 3369 483 3453 quidem
513 3370 602 3436 haud
631 3391 729 3454 aegre
759 3372 928 3456 praeterit:
959 3381 1107 3454 ceterum,
1139 3393 1259 3456 quase

219 3472 374 3538 montium
396 3472 507 3557 iugum
534 3473 689 3560 paulatim
718 3475 762 3540 ad
791 3475 938 3561 planiora
966 3475 1112 3557 demittit,
1144 3477 1259 3560 ingens

218 3596 349 3661 vorago,
385 3597 541 3644 concursu
564 3587 678 3645 cavata
710 3580 904 3661 torrentium,
940 3580 1000 3646 iter
1021 3588 1158 3666 ruperat.
1205 3581 1258 3646 Ad
1276 3598 1310 3648 24

218 3679 279 3746 hoc
294 3682 442 3747 arborum
458 3683 548 3764 rami,
571 3684 651 3750 alius
666 3684 730 3749 alio
747 3684 902 3770 implicati
925 3693 957 3751 et
980 3685 1199 3767 cohaerentes,
1224 3693 1258 3750 ut

217 3792 404 3869 perpetuam
427 3787 610 3852 obiecerant
633 3806 772 3874 saepem.
809 3789 1000 3875 Desperatio
1023 3789 1121 3872 igitur
1136 3789 1256 3872 ingens,

218 3890 300 3955 adeo
323 3898 357 3957 ut
380 3891 434 3956 vix
456 3891 596 3957 lacrimis
617 3893 822 3976 abstinerent,
850 3893 1035 3960 incesserat.
1081 3893 1257 3978 Praecipue
1275 3909 1309 3958 25
