3040 4318
454 226 707 282 HISTORIARUM
724 225 940 320 tLEXANDRI
959 227 996 280 VI
1015 230 1038 280 5.
1074 297 1080 302 .
1211 227 1273 293 139

235 435 436 502 e'montibus
458 433 624 519 planitiem
646 432 742 498 ramis
765 431 952 517 impeditam
975 433 1175 516 exaggerari.
1203 433 1321 498 111111

234 541 270 604 in
300 539 499 622 aliquantum
526 536 704 602 altitudinis
736 555 815 622 opus
846 543 999 617 creverat,
1032 556 1103 601 cum
1133 536 1270 619 barbari,

233 643 402 729 desperato
425 642 599 726 regionem,
624 662 718 724 quam
742 647 986 724 occupaverant,
1013 661 1109 725 posse
1132 641 1269 724 retineri,

233 757 363 832 gentem
386 767 476 812 suam
507 745 669 812 dedidere.
715 745 785 810 Rex
815 745 979 812 obsidibus
1009 746 1151 830 acceptis
1173 745 1271 812 Phra·
1312 776 1316 784 ·

233 853 300 918 dati
321 873 434 937 parere
457 871 513 917 eos
535 850 636 915 iussit.

180 963 220 1034 18
336 955 416 1021 Inde
440 955 549 1038 quinto
572 955 623 1019 die
646 954 679 1018 in
709 953 826 1019 stativa
852 953 1029 1019 revertitur.
1076 953 1271 1018 Artabanum
1289 975 1322 1024 22

232 1060 348 1126 deinde
385 1059 546 1143 geminato
583 1059 713 1139 honore,
753 1078 846 1140 quem
880 1057 1005 1122 Dareus
1037 1057 1194 1126 ,habuerat
1229 1059 1268 1140 ei,

231 1165 362 1231 remittit
399 1165 535 1230 domum.
580 1163 649 1227 Iam
687 1162 730 1227 ad
762 1163 873 1227 urbem
906 1161 1098 1246 Hyrcaniae,
1137 1160 1170 1226 in
1207 1182 1270 1244 qua

231 1269 322 1352 regia
343 1269 443 1333 Darei
464 1267 533 1348 fuit,
564 1274 694 1332 ventum
724 1273 808 1331 erat:
840 1266 884 1332 ibi
906 1267 1113 1331 Nabarzanes
1136 1273 1270 1350 accepta
1325 1307 1326 1312 κ

230 1373 293 1438 tide
316 1372 460 1454 occurrit,
489 1371 573 1436 dona
596 1371 740 1453 ingentia
767 1370 882 1436 ferens.
926 1371 1013 1436 Inter
1035 1391 1117 1452 quae
1140 1371 1268 1454 Bagoas
1287 1390 1320 1440 23

231 1484 306 1558 1111,
339 1477 446 1561 specie
469 1475 624 1559 singulari
654 1474 755 1559 spado
785 1482 881 1556 atque
911 1475 945 1539 in
974 1475 1044 1559 ipso
1067 1473 1144 1539 flore
1167 1474 1269 1560 pueri-

229 1581 302 1662 tiae,
334 1581 385 1646 oui
408 1585 440 1646 et
462 1581 587 1645 Dareus
613 1585 759 1644 assuetus
790 1579 895 1643 fuerat
926 1586 957 1643 et
986 1599 1061 1644 mox
1084 1578 1269 1644 Alexander
1361 1570 1363 1574 ’

230 1683 386 1749 assuevit:
425 1683 555 1766 eiusque
596 1681 734 1746 maxime
767 1681 915 1767 precibus
948 1689 1052 1746 motus
1086 1681 1269 1760 Nabarzani

229 1789 365 1870 ignovit.

178 1910 216 1982 19
332 1892 419 1972 Erat,
458 1898 492 1956 ut
529 1911 626 1975 supra
663 1889 783 1955 dictum
817 1896 874 1972 est,
914 1890 1097 1975 Hyrcaniae
1133 1889 1266 1955 finitima
1284 1909 1318 1959 24

228 2015 309 2078 gens
343 1995 547 2076 Amazonum,
588 1996 673 2060 circa
705 1995 944 2060 Thermodonta
980 2015 1107 2060 amnem
1140 1995 1266 2059 Themi-

228 2119 341 2184 scyrae
372 2101 580 2166 incolentium
610 2119 751 2184 campos.
796 2099 954 2182 Reginam
988 2099 1151 2165 habebant
1181 2099 1266 2163 Tha·
1284 2125 1317 2175 25

228 2203 348 2285 lestrin,
388 2205 532 2270 omnibus
569 2204 653 2268 inter
687 2204 864 2269 Caucasum
901 2210 1042 2268 montem
1080 2210 1112 2268 et
1144 2203 1265 2268 Phasin

228 2330 355 2374 amnem
380 2309 624 2394 imperitantem.
661 2310 759 2390 Haec,
785 2308 934 2393 cupidine
956 2308 1081 2374 visendi
1106 2308 1192 2392 regis
1215 2329 1265 2372 ac-

228 2433 333 2494 censa,
356 2413 473 2479 finibus
495 2413 587 2496 regni
614 2413 663 2478 sui
693 2413 832 2478 excessit
862 2421 901 2495 11,
934 2434 1007 2478 curn
1038 2412 1124 2478 haud
1154 2414 1266 2497 procul

227 2517 363 2598 abesset,
395 2517 558 2601 praemisit
588 2517 766 2582 indicantes
795 2517 923 2583 venisse
951 2518 1097 2600 reginam
1127 2517 1266 2582 adeundi

227 2621 294 2686 eius
318 2621 595 2704 cognoscendique
625 2619 762 2686 avidam.
810 2621 957 2686 Protinus
988 2621 1074 2686 facta
1104 2628 1264 2706 potestate
1283 2654 1315 2704 26

226 2725 383 2808 veniendi,
416 2726 531 2792 ceteris
557 2726 651 2792 iussis
682 2725 864 2807 subsistere,
896 2726 1044 2791 trecentis
1075 2726 1264 2791 feminarum

227 2829 377 2895 comitata
399 2831 563 2915 processit.
609 2829 714 2912 Atque
737 2838 771 2894 ut
794 2830 929 2914 primum
956 2851 1013 2895 rex
1036 2831 1068 2894 in
1091 2839 1264 2915 conspectu

226 2933 293 3014 fuit,
319 2953 400 3016 equo
423 2935 495 3019 ipsa
518 2934 656 3016 desiluit,
669 2934 749 2998 duas
773 2934 902 2999 lanceas
919 2935 1052 3000 dextera
1067 2935 1261 3020 praeferens.

225 3035 332 3102 Vestis
354 3057 418 3102 non
439 3046 505 3103 toto
520 3038 715 3103 Amazonum
732 3039 855 3123 corpori
875 3039 1059 3105 obducitur:
1082 3061 1156 3104 nam
1170 3041 1263 3106 laeva
1282 3069 1314 3119 27

225 3162 299 3226 pars
322 3140 364 3206 ad
386 3150 498 3226 pectus
522 3150 570 3208 111
592 3143 685 3223 nuda,
718 3150 826 3208 cetera
855 3142 971 3208 deinde
993 3145 1148 3210 velantur.
1193 3146 1262 3210 Nec

225 3251 331 3310 tamen
362 3247 449 3312 sinus
471 3247 579 3328 vestis,
612 3267 705 3329 quem
735 3247 819 3312 nodo
849 3247 1012 3330 colligunt,
1044 3249 1127 3314 infra
1157 3270 1263 3333 genua

225 3350 398 3415 descendit.
434 3351 544 3416 Altera
566 3351 687 3436 papilla
702 3352 822 3417 1111111
837 3360 989 3434 servatur,
1014 3375 1076 3436 qua
1098 3355 1261 3420 muliebris
1281 3380 1314 3432 28

225 3474 320 3520 sexus
343 3454 460 3521 liberos
483 3455 588 3520 alant:
619 3455 762 3521 aduritur
785 3457 927 3539 dextera,
960 3467 995 3522 ut
1017 3479 1110 3524 arcus
1134 3460 1261 3524 facilius

224 3559 388 3624 intendant
418 3566 449 3624 et
478 3561 543 3625 tela
572 3560 704 3625 vibrent.
752 3562 898 3626 Interrito
928 3563 1017 3628 vultu
1046 3584 1157 3646 regem
1179 3564 1261 3628 Tha·
1280 3588 1313 3638 29

223 3663 329 3729 lestris
366 3664 554 3746 intuebatur,
593 3666 736 3730 habitum
759 3667 835 3749 eius,
875 3667 1121 3750 haudquaquam
1157 3690 1261 3734 rerum

224 3768 329 3832 111111
345 3789 463 3852 parem,
480 3769 579 3834 oculis
595 3770 805 3853 perlustrans:
824 3772 941 3856 quippe
957 3773 1099 3838 omnibus
1115 3773 1260 3838 barbaris

224 3871 257 3936 in
294 3893 459 3957 corporum
496 3874 663 3940 maiestate
700 3877 862 3941 veneratio
907 3884 964 3958 est,
1010 3899 1259 3962 magnorumque
