3040 4318
306 210 349 273 68
691 213 722 278 o.
742 211 850 265 onam
868 212 956 266 surr

306 415 403 480 alium
429 416 512 481 inter
538 416 657 482 Istrum
681 424 713 482 et
735 417 923 502 Euphraten
952 417 1136 502 possedisse
1165 424 1275 501 terras,
1299 420 1344 485 in-

305 520 394 602 genti
416 520 521 604 spatio
543 521 777 603 intervalloque
800 521 964 586 discretas.
1002 521 1223 588 Macedoniam
1238 523 1342 607 potius

254 633 287 683 14
303 623 481 708 respiceret
518 645 614 707 quam
643 625 760 691 Baetra
782 632 814 690 et
836 625 933 690 Indos
956 625 1140 691 intueretur.
1154 665 1194 674 -
1212 628 1343 711 Ingrata

304 728 404 794 oratio
438 729 508 812 regi
542 728 611 793 fuit
657 729 780 812 Itaque,
815 736 850 793 ut
883 728 978 794 finem
1013 729 1141 795 dicendi
1170 730 1256 813 feeit,
1288 732 1341 796 ‘111

304 835 392 915 ego’,
415 832 528 915 inquit,
553 833 736 917 ‘pecuniam
759 851 854 914 quam
883 833 1019 916 gloriam
1048 833 1185 914 mallem,
1217 835 1244 900 si
1267 836 1339 899 Par-

302 937 407 1001 menio
438 956 558 1004 essem:
589 957 673 1001 nuno
703 936 889 1002 Alexander
919 937 959 1002 de
989 945 1177 1023 paupertate
1208 959 1337 1004 securus

302 1061 372 1106 sum
394 1048 427 1106 et
449 1061 501 1106 me
530 1062 593 1105 non
623 1047 834 1106 mercatorem
862 1041 993 1106 memini
1024 1061 1104 1124 esse,
1135 1042 1195 1108 sed
1217 1064 1336 1127 regem.

251 1153 282 1202 15
301 1144 390 1209 Nihil
413 1145 542 1227 quidem
565 1144 667 1209 habeo
689 1144 811 1224 renale,
836 1144 895 1209 sed
916 1143 1078 1210 fortunam
1100 1166 1204 1210 meam
1226 1147 1336 1229 utique

300 1269 362 1313 non
392 1248 513 1313 vendo:
548 1248 691 1332 captivos
721 1249 750 1312 si
781 1249 886 1333 placet
915 1248 1016 1330 reddi,
1052 1248 1218 1314 honestius
1252 1249 1336 1314 dono

299 1351 446 1418 dabimus
469 1371 565 1434 quam
588 1352 689 1436 pretio
712 1353 930 1418 remittemus?

250 1464 281 1514 16
402 1456 597 1522 Introductis
620 1456 735 1522 deinde
759 1457 875 1540 legatis
898 1457 940 1521 ad
962 1457 1048 1522 hune
1063 1456 1192 1522 modum
1207 1477 1335 1543 respou-

299 1559 362 1624 dit:
393 1561 558 1626 ‘Nuntiate
587 1561 703 1642 Dareo,
737 1582 799 1641 me,
833 1582 915 1644 quae
948 1561 1079 1644 fecerim
1103 1562 1275 1628 clementer
1304 1571 1335 1628 et

180 1717 183 1722 Α
298 1663 481 1746 liberaliter,
520 1685 583 1729 non
615 1665 775 1730 amicitiae
810 1665 879 1730 eius
912 1665 1071 1747 tribuisse,
1111 1665 1168 1730 sed
1201 1674 1331 1732 naturae

248 1777 279 1826 17
298 1789 397 1833 meae.
432 1768 557 1832 Bellum
580 1788 652 1832 eum
674 1769 811 1853 captivis
831 1776 864 1834 et
879 1769 1005 1834 feminis
1020 1788 1133 1852 gerere
1149 1790 1212 1835 non
1228 1771 1333 1836 soleo:

248 1881 279 1930 18
297 1879 435 1938 armatus
459 1873 500 1938 sit
515 1879 649 1958 oportet,
674 1893 769 1954 quem
784 1872 914 1938 oderim.
951 1871 1074 1948 Quodsi
1090 1873 1205 1938 saltem
1220 1893 1333 1958 pacem

297 1977 379 2041 bona
416 1976 479 2042 fide
517 1983 650 2061 peteret,
691 1975 901 2042 deliberarem
938 1975 1082 2056 forsitan,
1126 1999 1166 2042 an
1212 1976 1330 2043 darem.

296 2080 415 2145 Verum
445 2081 614 2162 enimvero,
651 2101 723 2146 eum
752 2080 846 2146 modo
877 2081 993 2146 milites
1027 2101 1116 2146 meos
1146 2081 1260 2146 litteris
1291 2082 1332 2147 ad

295 2184 518 2268 proditionem,
549 2183 642 2250 modo
666 2185 786 2250 amieos
808 2185 850 2250 ad
872 2185 1046 2270 perniciem
1068 2205 1173 2250 meam
1196 2187 1332 2269 pecunia

245 2401 277 2450 19
295 2399 330 2457 ut
367 2393 469 2460 iustus
508 2394 618 2475 hostis,
661 2394 721 2459 sed
757 2400 792 2458 ut
830 2413 999 2480 percussor
1035 2393 1206 2459 veneficus.
1254 2393 1332 2459 (lon-

294 2495 435 2562 dieioues
457 2518 533 2563 vero
556 2498 655 2582 pacis,
678 2517 757 2580 quas
784 2497 917 2578 affertis,
942 2497 970 2561 si
991 2517 1155 2581 accepero,
1180 2497 1330 2563 victorem

292 2620 365 2665 eum
403 2600 531 2666 faciunt.
585 2601 674 2678 Quae
707 2609 780 2687 post
813 2601 998 2687 Euphraten
1035 2608 1118 2682 sunt,
1156 2601 1331 2666 liberaliter

293 2704 399 2772 donat.
446 2706 510 2771 Ubi
531 2707 629 2790 igitur
650 2727 701 2772 me
723 2707 856 2787 adeatis,
880 2707 970 2771 obliti
993 2706 1087 2770 estis:
1110 2727 1225 2792 nempe
1248 2708 1329 2772 ultra

291 2809 476 2894 Euphraten
499 2812 587 2876 sum!
635 2811 907 2876 Liberalissimum
930 2831 1007 2894 ergo
1030 2810 1126 2890 dotis,
1143 2831 1236 2894 quam
1259 2832 1329 2896 pro-

291 2915 396 2996 mittit,
427 2916 596 2980 terminum
626 2922 732 2980 castra
761 2936 833 2980 mea
862 2922 1036 2980 transeunt.
1082 2915 1165 2979 Hinc
1195 2935 1246 2980 me
1276 2914 1328 2981 de-

239 3019 409 3103 repellite,
444 3028 479 3085 ut
502 3020 610 3101 seiam,
646 3026 788 3085 vestrum
823 3039 905 3098 esse,
939 3039 1001 3100 quo
1036 3018 1159 3084 ceditis.
1205 3019 1327 3092 Eadem

290 3123 480 3188 liberalitate
510 3124 566 3188 dat
595 3123 673 3187 mihi
707 3123 804 3187 filiam
839 3142 945 3188 suam:
982 3141 1097 3206 nempe
1131 3141 1226 3204 quam
1259 3123 1326 3187 seio

288 3226 383 3291 alicui
422 3247 586 3293 servorum
623 3227 691 3292 eius
725 3227 909 3312 nupturam!
965 3227 1098 3290 Multum
1136 3245 1212 3290 vero
1249 3225 1324 3290 mihi

237 3345 268 3394 21
289 3338 437 3414 praestat,
462 3332 489 3397 si
504 3353 555 3396 me
570 3333 700 3397 Mazaeo
716 3352 870 3414 generum
885 3331 1065 3415 praeponit!
1102 3330 1159 3408 Ite,
1182 3331 1325 3396 nuntiate

287 3437 356 3518 regi
372 3443 487 3517 vestro,
513 3442 544 3501 et
560 3456 640 3519 quae
657 3437 763 3500 amisit
778 3441 811 3501 et
826 3457 907 3518 quae
923 3434 1028 3499 adhue
1051 3434 1159 3516 habet,
1184 3435 1325 3519 praemia

287 3560 359 3606 esse
389 3540 481 3605 belli:
516 3540 576 3606 hoo
610 3549 743 3623 regente
778 3541 943 3622 utriusque
973 3539 1125 3604 terminos
1154 3539 1256 3621 regni,
1290 3539 1324 3604 id

286 3664 443 3727 quemque
473 3644 663 3725 habiturum,
699 3644 784 3728 quod
814 3645 977 3728 proximae
1010 3643 1091 3710 lucis
1120 3643 1323 3727 assignatum
1444 3705 1447 3710 .

233 3763 267 3811 22
286 3747 411 3812 fortuna
434 3751 501 3817 est?
548 3748 662 3832 Legati
684 3747 888 3833 respondent,
921 3769 992 3813 eum
1021 3748 1140 3812 bellum
1162 3747 1195 3812 in
1217 3748 1322 3813 animo

285 3850 336 3929 sit,
359 3851 465 3916 facere
489 3872 562 3916 eum
586 3851 781 3936 simpliciter,
807 3851 892 3934 quod
916 3871 973 3935 spe
996 3851 1084 3935 pacis
1107 3871 1169 3916 non
1192 3851 1321 3916 frustra·

1488 663 1489 706 l

1488 731 1489 770 l

1488 777 1489 828 l

295 2289 455 2371 sollicitet,
479 2289 522 2354 ad
544 2290 791 2356 internecionem
814 2289 893 2354 mihi
915 2288 1156 2374 persequendus
1179 2296 1237 2370 est,
1268 2312 1330 2355 non
