2976 4322
380 182 630 237 HISTORIARUM
648 185 863 240 ALEXANDRI
881 186 932 238 VII
950 183 975 236 4.
1136 189 1195 252 177

161 391 223 456 tius
261 389 376 472 exequi
409 410 640 475 supervacuum
677 397 734 456 est.
789 391 911 456 Nobilis
950 413 1048 474 equus
1090 394 1205 458 umbra

165 515 289 577 quoque
312 495 423 578 virgae
445 495 573 576 regitur,
605 495 740 578 ignavus
770 517 810 560 ne
841 497 957 560 calcari
981 496 1109 578 quidem
1132 518 1205 562 con·
1251 535 1255 548 ι

166 599 257 664 citari
279 601 410 684 potest'.
435 599 562 679 Bessus,
588 607 619 663 et
642 599 770 682 ingenio
802 607 833 664 et
863 601 960 666 multo
990 622 1077 666 mero
1102 601 1204 683 ferox,
1227 615 1258 665 19
1332 662 1334 668 .

166 703 248 769 adeo
286 703 414 783 exarsit,
449 707 485 766 ut
521 703 575 767 vix
612 704 652 767 ab
691 703 810 784 amicis,
843 705 1009 786 quominus
1045 704 1206 771 occideret

167 830 238 874 eum
270 845 311 853 -
341 829 415 872 nam
457 807 627 872 strinxerat
658 826 782 890 quoque
813 808 978 874 acinacem
1003 845 1040 855 —
1067 810 1208 874 contine·

164 919 269 1000 retur:
320 917 405 977 certe
440 911 585 976 convivio
626 911 769 996 prosiluit
810 909 1058 995 haudquaquam
1094 920 1208 998 potens

167 1017 290 1082 mentis.
320 1015 472 1096 Gobares,
497 1015 578 1080 inter
601 1017 767 1080 tumultum
783 1017 920 1100 elapsus,
933 1015 975 1081 ad
991 1017 1209 1083 Alexandrum

168 1120 347 1203 transfugit.

117 1225 155 1297 11
272 1235 337 1288 VIII
365 1223 451 1287 milia
488 1223 726 1289 Bactrianorum
755 1222 893 1289 hahebat
930 1232 1051 1290 armata
1081 1225 1207 1290 Bessus.
1230 1240 1264 1290 20

176 1329 264 1405 Quae
288 1327 439 1410 quamdiu
461 1335 590 1412 propter
612 1327 693 1392 caeli
718 1327 936 1412 intemperiem
961 1327 1083 1393 Indiam
1107 1329 1211 1414 potius

174 1431 367 1504 Maccdonas
396 1431 550 1516 petituros
581 1431 791 1511 crediderant,
822 1431 1027 1497 oboedienter
1057 1433 1212 1517 imperata

175 1539 333 1602 fecerunt:
368 1543 536 1621 postquam
569 1535 741 1601 adventare
776 1535 993 1602 Alexandrum
1017 1545 1211 1622 compertum

175 1651 231 1724 111,
263 1643 295 1706 in
326 1662 399 1708 suos
429 1641 561 1724 quisque
591 1641 679 1706 vicos
710 1640 824 1725 dilapsi
847 1641 980 1706 Bessum
1010 1641 1211 1724 reliquerunt.

175 1749 233 1814 Ille
263 1769 335 1812 oum
369 1746 529 1811 clientium
562 1766 665 1826 manu,
701 1745 754 1828 qui
787 1766 850 1810 non
879 1752 1078 1810 mutaverant
1107 1745 1210 1828 fidem,
1231 1760 1262 1808 21

176 1853 245 1938 Qxc
275 1873 368 1916 amne
398 1857 546 1936 superato
577 1849 758 1932 exustisque
789 1849 933 1932 navigiis,
969 1850 1082 1932 quibus
1115 1857 1214 1915 trans-

175 1958 262 2037 ierat,
295 1978 334 2022 ne
357 1956 459 2021 isdem
481 1955 582 2020 hostis
604 1961 752 2034 uteretur,
783 1973 883 2019 novas
914 1955 1022 2038 copias
1045 1955 1078 2018 in
1101 1955 1214 2038 Sogdi-

176 2062 245 2128 anis
268 2061 485 2126 contrahebat.

280 2164 463 2229 Alexander
478 2163 655 2229 Caucasum
679 2161 815 2246 quidem,
839 2170 873 2227 11
896 2184 992 2247 supra
1015 2162 1133 2227 dictum
1156 2170 1212 2244 est,
1233 2175 1266 2224 22

141 2297 143 2302 ’
177 2269 352 2350 transierat,
381 2269 437 2334 sed
460 2269 567 2352 iuopia
590 2267 738 2332 frumenti
761 2287 886 2350 quoque
909 2287 1008 2353 prope
1032 2265 1074 2330 ad
1096 2267 1214 2331 samem

177 2382 305 2440 ventum
340 2381 416 2439 erat.
466 2372 549 2438 Suco
585 2394 625 2438 ex
659 2393 784 2438 sesama
818 2392 969 2456 expresso
1002 2371 1089 2436 haud
1123 2391 1215 2437 secus
1234 2383 1267 2432 23

177 2500 271 2562 quam
295 2480 365 2544 olco
388 2485 475 2542 artus
498 2477 726 2561 perungebant.
775 2475 840 2541 Sed
862 2477 955 2541 huius
986 2476 1054 2541 suci
1084 2475 1214 2541 ducenis

177 2581 390 2666 quadragenis
413 2581 551 2646 denariis
575 2581 749 2666 amphorae
772 2580 925 2663 singulae,
953 2579 1054 2645 mellis
1078 2578 1215 2645 denariis

176 2687 312 2752 trecenis
342 2686 526 2770 nonagenis,
562 2685 698 2750 trecenis
728 2684 793 2749 vini
822 2685 1079 2766 aestimabantur,
1122 2683 1215 2749 tritici

176 2790 255 2856 nihil
277 2799 332 2856 aut
362 2789 533 2856 admodum
560 2789 710 2872 exiguum
740 2789 964 2873 reperiebatur.
1014 2787 1101 2853 Siros
1124 2807 1216 2853 vcca—
1234 2799 1268 2849 24

177 2897 253 2976 bant
275 2896 403 2962 barbari
427 2895 557 2977 scrobes,
589 2914 667 2976 quos
697 2893 743 2957 ita
765 2895 908 2958 sollerter
934 2892 1140 2973 abscondunt,
1171 2899 1214 2973 ut,

177 3002 237 3067 nisi
261 3002 314 3084 qui
337 3000 535 3080 defoderunt,
560 2998 701 3063 invenire
717 2999 932 3082 nonpossint:
956 2998 989 3061 in
1004 2998 1054 3062 his
1070 2996 1216 3062 conditae

177 3106 286 3190 fruges
310 3112 408 3170 erant.
455 3105 492 3168 ln
516 3124 647 3186 quarum
670 3103 802 3188 penuria
824 3103 939 3168 milites
962 3101 1106 3166 fluviatili
1129 3101 1216 3186 pisce

178 3218 210 3276 et
246 3210 354 3276 herbis
392 3209 634 3274 sustinebantur.
681 3207 811 3289 Iamque
845 3207 926 3290 haec
960 3207 1030 3292 ipsa
1067 3205 1217 3270 alimenta
1235 3216 1268 3266 25

178 3315 370 3394 1111111111,
395 3334 466 3378 cum
482 3312 629 3392 iumenta,
647 3311 760 3393 quibus
776 3331 873 3376 onera
888 3311 1065 3395 portabant,
1083 3308 1216 3374 caedere

178 3419 254 3484 iussi
277 3426 366 3484 sunt:
397 3418 509 3482 horum
533 3437 637 3496 carne,
670 3415 744 3479 dum
767 3416 799 3478 in
822 3415 1008 3480 Bactrianos
1031 3420 1217 3499 perventum

125 3524 164 3594 18
177 3534 231 3606 111,
253 3531 379 3588 traxere
401 3522 508 3586 vitam.
555 3519 743 3584 Bactrianae
765 3526 868 3584 terrae
891 3519 1057 3602 multiplex
1080 3525 1112 3582 et
1127 3516 1215 3582 varia
1234 3530 1268 3582 26

176 3635 288 3692 natura
311 3634 367 3692 est.
414 3625 499 3690 Ahbi
522 3625 621 3688 multa
650 3624 744 3688 arbor
774 3630 806 3688 11
836 3623 908 3688 vitis
931 3623 1038 3706 largos
1060 3621 1215 3704 mitesque

176 3731 297 3796 fructus
319 3731 384 3796 alit.
433 3729 541 3794 Solum
564 3727 682 3812 pingue
714 3727 815 3792 crebri
845 3727 949 3792 fontes
978 3726 1100 3810 rigant:
1133 3744 1214 3807 quae

176 3835 301 3900 mitiora
324 3841 404 3916 1111,
435 3833 593 3917 frumento
624 3839 838 3917 conseruntur,
861 3838 977 3920 ,cetera
1002 3836 1213 3894 armentorum

229 3970 327 4014 Curtius
342 3970 418 4012 Rul'us
432 3981 479 4012 von
495 3967 617 4020 Stangl.
1078 3954 1110 4003 12
1483 3921 1484 3996 l

1366 4009 1484 4286 I
