2976 4322
468 855 516 958 Q.
550 853 728 941 CURTI
769 855 904 939 RUFI

557 1028 809 1082 HISTORIARUM

283 1177 777 1280 ALEXANDRI
824 1175 1088 1278 MAGNI
1165 1275 1166 1279 r

529 1375 839 1442 MACEDONIS

591 1532 702 1588 LIBER
719 1533 779 1588 VII.

633 1681 698 1735 Car.
717 1682 738 1734 I.

135 1789 152 1859 l
273 1791 421 1858 Philotan
454 1791 536 1857 siout
568 1767 749 1858 recentibus
787 1791 917 1858 sceleris
955 1792 1023 1858 eius
1057 1793 1237 1876 vestigiisr

165 1898 233 1963 iure
266 1897 416 1962 affectum
450 1896 608 1980 supplicio
647 1903 837 1962 censuerant
871 1896 996 1977 milites,
1032 1897 1086 1978 ita,
1121 1904 1206 1982 post·
1242 1937 1245 1948 ·

167 2021 265 2084 qnam
287 2000 426 2068 desierat
451 2019 534 2079 esse,
564 2020 660 2082 quem
690 2000 841 2082 odissent,
872 2000 993 2066 invidia
1022 2001 1055 2064 in
1086 2001 1205 2066 miseri-

167 2104 308 2171 cordiam
337 2105 441 2170 vertit.
487 2103 630 2170 Moverat
665 2111 696 2169 et
730 2104 858 2170 claritas
890 2103 1016 2170 iuvenis
1046 2112 1078 2169 et
1107 2104 1240 2189 patrisa
1307 2193 1310 2199 Ι

166 2209 235 2274 eius
265 2216 413 2275 senectus
441 2215 536 2291 atque
567 2208 695 2274 orbitas.
741 2208 865 2274 Primus
897 2209 1007 2274 Asiam
1037 2216 1240 2295 aperuerat3

165 2313 251 2396 regi:
282 2313 422 2378 omnium
452 2313 665 2397 periculorum
687 2313 756 2379 eius
779 2314 951 2399 particeps,
980 2333 1108 2400 semper
1130 2313 1206 2379 alte·

165 2438 236 2482 rum
264 2417 298 2483 in
328 2417 397 2483 acie
428 2437 527 2483 cornu
557 2417 756 2498 defenderat,
788 2417 936 2503 Philippo
971 2438 1098 2502 quoque
1131 2426 1206 2484 ante

166 2541 278 2588 omnes
308 2521 430 2587 amicus
464 2529 495 2586 et
527 2522 588 2607 ipsi
619 2521 804 2588 Alexandro
833 2530 900 2588 tam
935 2521 1026 2604 fidus,
1061 2529 1096 2587 ut
1125 2523 1206 2588 occi-

165 2625 263 2692 dendi
292 2625 435 2692 Attalum
464 2645 528 2691 non
561 2626 624 2691 alio
658 2627 801 2692 ministro
833 2627 880 2692 uti
914 2627 1032 2692 mallet.
1079 2627 1240 2691 Horum4

167 2731 318 2814 cogitatio
341 2730 469 2796 subibat
491 2721 675 2813 exercitum,
707 2731 941 2815 seditiosaeque
971 2751 1068 2813 voces
1090 2731 1208 2797 refere-

167 2836 282 2901 bantur
304 2834 347 2899 ad
368 2854 488 2918 regern.
536 2834 615 2912 Quis
636 2835 691 2900 ille
712 2835 801 2901 haud
830 2856 908 2903 sane
938 2843 1043 2902 motus
1065 2836 1207 2919 satisque

167 2938 319 3024 prudens,
350 2938 405 3004 otii
428 2938 506 3004 vitia
528 2939 658 3022 negotio
686 2940 813 3023 discuti,
846 2940 952 3019 edicit,
983 2947 1018 3005 ut
1040 2959 1152 3006 omnes
1175 2939 1208 3005 in

167 3043 325 3108 vestibulo
361 3043 471 3126 regiae
508 3051 637 3128 praesto
675 3045 746 3110 sint.
806 3045 892 3122 Quos
930 3045 986 3110 ubi
1023 3044 1242 3132 =l'requentess
1347 3071 1349 3075 ⁴

168 3147 285 3212 adesse
308 3147 466 3231 cognovit,
497 3148 533 3213 in
563 3149 742 3214 contionem
773 3149 937 3234 prooessit.
984 3149 1082 3215 Haud
1111 3149 1208 3214 dubie

169 3271 209 3315 ex
243 3251 417 3336 composito
448 3251 613 3318 Atharrias
644 3253 807 3337 postulare
830 3254 943 3338 coepit,
976 3262 1010 3319 ut
1032 3253 1208 3338 Lyncestes

171 3355 362 3437 Alexander,
386 3355 441 3438 qui
456 3356 555 3421 multo
570 3365 645 3422 ante
661 3377 758 3440 quam
773 3357 915 3423 Philotas
930 3378 1041 3442 regem
1056 3358 1209 3423 voluisset

170 3458 326 3541 occidere,
352 3459 566 3526 exhiberetur.
612 3461 641 3524 Α
664 3461 788 3526 duobus
811 3461 978 3544 indicibus,
1008 3463 1089 3528 sicut
1112 3473 1243 3546 suprac

170 3563 317 3645 diximus,
342 3563 477 3646 delatus,
508 3565 638 3654 tertium
667 3565 731 3630 iam
761 3586 880 3631 annum
910 3566 1147 3632 custodiebatur
1176 3566 1209 3628 in

170 3667 314 3733 vinculis.
354 3668 501 3735 Eundem
523 3669 556 3734 in
571 3669 712 3756 Philippi
735 3690 862 3754 quoque
877 3670 1010 3736 caedem
1026 3670 1208 3735 coniurasse

171 3791 244 3836 cum
266 3773 429 3838 Pausania
458 3794 515 3858 pro
540 3781 702 3860 comperto
718 3772 788 3856 fuit,
808 3773 867 3839 sed
890 3775 966 3857 quia
981 3773 1101 3858 primus
1115 3772 1209 3837 Alex-

170 3875 307 3940 andrum
322 3895 434 3958 regem
449 3877 654 3960 salutaverat,
670 3878 827 3964 supplicio
850 3878 953 3960 magis
973 3897 1069 3960 quam
1087 3876 1210 3942 crimini

1058 3997 1106 4050 11*
