3040 4318
442 209 692 264 HISTORIARUM
710 207 924 262 ALEXANDRI
941 207 980 260 IV
998 211 1022 260 7.
1212 205 1255 269 55

221 415 287 482 Sed
316 422 352 480 ut
381 435 537 508 aperuere
571 435 606 480 se
640 415 745 500 campi
779 415 844 480 alto
878 414 984 479 obruti
1013 413 1138 492 sabulo,
1172 411 1259 477 haud
1278 423 1308 471 11

220 541 313 586 secus
340 539 438 603 qnam
467 519 661 604 profundum
690 539 810 602 aequor
840 519 979 602 ingressi
1008 525 1125 584 terram
1155 517 1258 582 oculis

219 625 435 707 requirebant.
481 623 581 688 Nulla
602 623 705 705 arbor,
736 625 857 689 nullum
880 622 958 689 culti
988 622 1047 688 soli
1070 621 1257 688 occurrebat
1277 633 1309 682 12

220 728 403 812 vestigium.
448 727 544 811 Aqua
567 729 662 794 etiam
685 728 857 809 defecerat,
883 735 980 810 qnam
996 727 1120 792 utribus
1143 724 1256 791 carneli

220 839 385 914 vexerant,
411 841 443 898 et
466 833 500 897 in
522 833 611 898 arido
635 833 702 898 solo
724 853 762 898 ac
786 831 910 898 fervido
933 832 1045 898 sabulo
1067 833 1155 898 nulla
1178 838 1256 896 erat.

222 935 274 1001 Ad
296 935 358 1002 boc
381 937 429 1002 sol
451 937 560 1002 omnia
582 937 776 1018 incenderat,
804 937 954 1019 siccaque
977 943 1009 1002 et
1031 936 1147 1001 adusta
1169 943 1259 1002 erant
1279 947 1311 996 13

221 1061 293 1106 ora:
325 1061 398 1106 eum
428 1047 560 1126 repente
592 1077 634 1088 -
664 1041 733 1107 sive
766 1039 847 1104 illud
878 1041 1009 1106 deorum
1044 1060 1158 1106 munus
1192 1035 1260 1106 sive

222 1164 316 1210 casus
347 1145 408 1209 fuit
438 1182 479 1194 -
510 1145 669 1211 obductae
698 1146 789 1211 caelo
820 1146 922 1211 nubes
946 1145 1118 1211 condidere
1149 1146 1258 1226 solem,

222 1249 336 1332 ingens
359 1254 452 1313 aestu
475 1248 628 1332 fatigatis,
654 1249 779 1314 etiamsi
802 1269 886 1331 aqua
908 1247 1067 1330 deficeret,
1095 1249 1259 1314 auxilinm.

223 1353 393 1418 llnimvero
417 1359 451 1417 ut
481 1353 607 1436 largum
638 1372 764 1435 quoque
795 1353 929 1418 imbrem
959 1359 1169 1419 excusserunt
1191 1373 1260 1438 pro
1280 1364 1312 1412 14

223 1457 333 1537 cellae,
357 1476 415 1541 pro
438 1477 473 1522 se
497 1457 632 1539 quisque
655 1457 803 1542 excipere
828 1477 910 1538 eum,
946 1457 1085 1541 quidam,
1109 1458 1150 1522 ob
1174 1457 1261 1524 sitim

223 1561 414 1646 impotentes
438 1561 498 1641 sui,
528 1582 584 1626 ore
615 1581 742 1644 quoque
778 1561 877 1626 hianti
911 1570 1041 1646 captare
1075 1569 1257 1647 coeperunt.

223 1665 447 1744 Quadriduum
484 1685 541 1750 per
577 1673 688 1732 vastas
732 1665 921 1731 solitudines
959 1666 1164 1752 absumptum
1201 1672 1259 1731 est.
1281 1677 1312 1725 15

223 1771 355 1852 lamque
375 1768 462 1834 haud
477 1769 588 1853 procul
604 1770 725 1836 oraculi
740 1769 818 1835 sede
833 1771 974 1851 aberant,
992 1791 1064 1835 cum
1081 1771 1260 1855 complures

223 1873 311 1938 corvi
344 1873 467 1957 agmini
501 1882 687 1939 occurrunt:
726 1874 851 1939 modico
886 1875 994 1939 volatu
1031 1874 1134 1958 prima
1168 1874 1261 1956 signa

223 1976 452 2042 antecedentes
475 1976 570 2042 modo
587 1977 676 2042 hunri
691 1977 884 2060 residebant,
908 1998 982 2043 cum
1004 1977 1120 2042 lentius
1143 1998 1262 2061 agmen

224 2079 396 2161 incederet,
428 2080 524 2144 modo
548 2100 583 2146 se
605 2081 720 2165 pennis
744 2080 902 2164 levabant,
929 2081 1114 2147 ducentium
1137 2081 1260 2164 iterque

171 2191 211 2262 31
225 2183 467 2249 monstrantium
489 2183 561 2250 ritu.
605 2184 750 2250 'landem
772 2185 815 2250 ad
831 2185 941 2250 sedern
957 2193 1177 2251 consecratam
1200 2185 1260 2250 deo
1281 2196 1313 2246 16

224 2294 355 2353 ventum
378 2294 436 2352 est.
484 2286 676 2355 Incredibile
705 2288 802 2370 dictu,
833 2289 916 2354 inter
938 2296 1049 2355 vastas
1073 2289 1261 2355 solitudines

225 2391 287 2456 sita
305 2390 448 2474 undique
470 2392 684 2458 ambientibus
705 2393 812 2473 ramis,
835 2393 891 2457 vix
914 2393 945 2458 in
962 2393 1094 2458 densam
1117 2394 1262 2458 umbram

226 2496 360 2562 cadente
390 2497 467 2577 sole,
501 2503 649 2562 contecta
679 2504 737 2578 est,
773 2496 929 2580 multique
962 2498 1078 2579 fontes,
1114 2497 1262 2563 dulcibus

225 2601 318 2684 aquis
352 2601 471 2686 passim
502 2602 713 2684 manantibus,
743 2603 833 2667 alunt
856 2603 963 2668 silvas.
1012 2602 1100 2667 Caeli
1134 2622 1262 2686 quoque
1282 2613 1313 2662 17

226 2705 306 2770 mira
338 2704 519 2789 temperies,
553 2725 651 2770 vomo
686 2707 790 2790 tepori
824 2707 962 2772 maxime
996 2706 1117 2790 similis,
1151 2727 1261 2770 omnes

225 2809 300 2876 anni
330 2817 438 2894 partes
472 2809 543 2894 pari
573 2809 761 2876 salubritate
791 2811 956 2895 percurrit.
1004 2810 1142 2876 Accolae
1176 2809 1262 2874 sedis
1285 2820 1315 2872 18

226 2913 363 2981 suntab
386 2914 508 2978 oriente
534 2914 674 2998 proximi
697 2914 900 3000 Aethiopum.
946 2915 984 2979 In
1008 2914 1172 2980 meridiem
1196 2934 1264 2978 ver·
1288 2917 1301 2972 .'

227 3040 295 3084 sam
311 3019 434 3084 Arabes
458 3025 621 3104 spectant:
646 3020 842 3104 Trogodytis
859 3041 1037 3103 cognomen
1060 3028 1125 3086 est:
1150 3019 1263 3084 horum

227 3125 316 3207 regio
339 3145 440 3208 usque
470 3123 514 3189 ad
543 3125 674 3190 rubrum
704 3146 791 3191 mare
815 3125 962 3191 excurrit.
1009 3125 1051 3189 At
1074 3143 1137 3205 qua
1158 3125 1263 3207 vergit
1284 3136 1315 3186 19

226 3228 269 3293 ad
306 3229 514 3309 occidentem,
553 3228 608 3292 alii
646 3228 823 3314 Aethiopes
860 3231 978 3311 colunt,
1019 3247 1099 3312 quos
1137 3229 1263 3295 Simuos

227 3341 351 3403 vocant.
398 3334 427 3397 A
450 3333 666 3418 septentrione
689 3335 889 3400 Nasamones
912 3341 994 3416 sunt,
1023 3355 1103 3418 gens
1126 3334 1262 3418 Syrtica,

227 3438 429 3521 navigiorum
459 3437 571 3521 spoliis
605 3445 807 3520 quaestuosa,
843 3439 962 3524 quippe
992 3438 1142 3504 obsident
1171 3439 1265 3503 litora
1288 3435 1303 3488 Γ

228 3548 260 3605 et
287 3547 381 3606 aestu
415 3540 568 3606 destituta
601 3541 731 3624 navigia
764 3542 848 3607 notis
883 3543 944 3607 sibi
973 3541 1066 3607 vadis
1096 3549 1262 3627 occupant.

228 3644 358 3709 Incolae
394 3644 541 3725 nemoris,
581 3665 660 3728 quos
698 3645 910 3710 Hammonios
948 3652 1074 3726 vocant,
1112 3644 1264 3732 dispersis
1283 3659 1318 3708 2ο

228 3748 365 3830 tuguriis
402 3747 564 3813 habitant:
605 3748 746 3814 medium
779 3769 892 3814 nemus
929 3771 985 3833 pro
1024 3768 1098 3814 arce
1135 3751 1262 3830 habent,

229 3852 346 3936 triplici
369 3871 459 3917 muro
483 3851 722 3917 circumdatum.
768 3853 874 3918 Prima
897 3853 1032 3917 munitio
1058 3861 1265 3937 tyrannorum
1283 3867 1314 3916 21
