3040 4318
293 235 336 299 54
607 269 610 276 ·
657 253 660 258 ’
679 235 710 302 Q.
730 235 838 290 CURTI
856 235 942 290 RUFI

293 461 383 526 spem
420 440 580 508 adventus
625 441 693 507 cius
738 450 905 510 erexerant
949 443 1082 524 animos,
1128 447 1238 526 utpote
1275 439 1330 522 qui
1367 461 1370 466 ¹

293 547 467 631 Amyntam
490 565 627 629 quoque,
651 549 852 632 transfugam
872 555 904 614 et
935 569 1007 614 oum
1029 547 1173 634 precario
1196 544 1329 631 imperio

259 651 486 732 avenientem,
510 651 586 716 laeti
619 652 825 736 recepissent.
871 653 975 736 Igitur
1011 652 1125 736 ingens
1159 647 1330 716 multitudo

293 753 465 834 Pelusium,
490 774 553 835 qua
575 754 748 820 intraturus
771 754 949 837 videbatur,
973 760 1177 821 convenerat.
1223 753 1330 833 Atque

292 857 347 923 ille
370 858 507 943 septimo
531 857 592 939 die,
624 865 792 942 postquam
815 881 836 924 a
857 860 946 926 Gaza
975 859 1085 944 copias
1114 861 1265 936 moverat,
1296 855 1330 918 in

293 963 457 1046 regionem
474 962 624 1047 Aegypti,
649 982 746 1044 quam
770 985 854 1029 nunc
877 964 990 1029 Castra
1005 962 1180 1028 Alexandri
1203 966 1329 1039 vocant,

259 1067 447 1151 3pervenit.
494 1065 619 1131 Deinde
652 1067 858 1152 pedestribus
889 1067 990 1152 copiis
1021 1066 1184 1132 Pelusium
1218 1071 1329 1150 petere

292 1171 387 1235 iussis
410 1171 480 1255 ipsc
507 1188 580 1235 cum
606 1170 759 1256 expedita
789 1171 987 1237 delectorum
1017 1190 1114 1235 manu
1136 1169 1211 1233 Nilo
1234 1186 1328 1232 amne

291 1282 404 1340 vectus
442 1282 500 1340 est.
553 1275 622 1340 Nec
660 1275 842 1341 sustinuere
879 1275 1054 1341 adventum
1093 1274 1162 1339 eius
1200 1274 1328 1351 Persae,

257 1378 474 1444 edefectione
512 1397 641 1462 qnoque
678 1379 850 1463 perterriti.
910 1379 1042 1462 Iamque
1088 1376 1174 1443 haud
1218 1373 1329 1460 procul

291 1481 434 1568 Memphi
457 1487 540 1547 erat:
564 1482 597 1546 in
612 1482 703 1547 cuius
718 1482 880 1566 pracsidio
897 1483 1053 1563 Mazaces,
1078 1487 1206 1566 praetor
1221 1477 1327 1558 Darei,

291 1587 420 1652 relictus
458 1587 548 1671 apud
587 1584 782 1652 Cercasoron
819 1608 913 1653 amne
955 1594 1104 1672 superato
1142 1584 1329 1666 octingenta

290 1691 412 1755 talenta
420 1689 604 1755 Alexandro
612 1710 803 1773 omnemque
812 1691 935 1774 regiam
943 1690 1175 1776 supellectilem
1185 1685 1327 1753 tradidit.

257 1805 272 1855 5
291 1795 320 1858 A
344 1794 496 1880 Memphi,
520 1794 634 1860 eodem
656 1794 786 1860 flumine
810 1803 932 1877 vectus,
955 1794 998 1861 ad
1021 1795 1171 1860 interiora
1187 1789 1329 1876 Aegypti

290 1905 438 1983 penetrat
461 1899 708 1984 compositisque
740 1901 837 1965 rebus
871 1901 926 1984 ita,
963 1907 998 1965 ut
1032 1898 1111 1964 nihil
1149 1919 1191 1963 cx
1226 1895 1329 1981 patrio

291 2002 524 2088 Aegyptiorum
561 2023 649 2068 more
695 2011 841 2084 mutaret,
888 2002 977 2069 adire
1015 2003 1100 2068 Iovis
1139 1998 1328 2066 Hammonis

256 2117 272 2166 6
291 2109 456 2172 oraculum
479 2107 602 2172 statuit.
647 2108 713 2173 Iter
736 2107 895 2193 expeditis
926 2128 1053 2192 quoquc
1084 2114 1116 2173 et
1139 2105 1251 2192 paucis
1273 2103 1329 2169 vix

291 2212 457 2278 tolerabile
479 2211 728 2295 ingrediendum
758 2221 843 2278 erat:
874 2220 959 2279 terra
988 2213 1143 2294 caeloque
1172 2229 1328 2295 aquarum

291 2317 426 2401 penuria
456 2324 513 2396 est,
549 2317 674 2382 steriles
708 2318 848 2383 harenae
882 2318 997 2398 iacent,
1033 2335 1113 2398 quas
1143 2315 1199 2381 ubi
1228 2333 1329 2397 vapor

292 2419 368 2484 solis
398 2419 554 2500 accendit,
589 2419 715 2484 fervido
757 2421 825 2486 solo
861 2428 1013 2487 exurente
1046 2419 1186 2503 vestigia
1218 2417 1329 2482 intole-

256 2523 399 2588 7rabilis
433 2530 542 2588 aestus
576 2524 694 2589 existit.
748 2525 1012 2608 Luctandumque
1046 2533 1095 2590 est
1127 2545 1190 2591 nou
1225 2521 1328 2587 solum

289 2646 360 2692 cum
383 2625 498 2692 ardore
521 2633 553 2692 et
583 2627 725 2693 siccitate
755 2629 906 2711 regionis,
938 2629 997 2694 sed
1026 2627 1123 2693 etiam
1146 2647 1219 2693 cum
1240 2632 1329 2689 tena-

289 2729 416 2795 cissimo
440 2731 561 2812 sabulo,
588 2730 674 2812 quod
689 2733 868 2816 praealtum
891 2738 923 2797 et
943 2731 1081 2816 vestigio
1096 2731 1214 2797 cedens
1229 2747 1328 2812 aegre

253 2833 463 2898 amoliuntur
485 2835 595 2918 pedes.
631 2835 721 2901 Haec
737 2836 892 2921 Aegyptii
914 2857 989 2902 vero
1012 2837 1132 2902 maiora
1153 2833 1326 2918 iactabant.

290 2935 356 3002 Sed
378 2937 494 3020 ingens
517 2939 634 3023 cupido
656 2939 798 3004 animum
829 2941 1014 3005 stimulabat
1040 2938 1180 3006 adeundi
1204 2938 1326 3015 Iovem,

289 3061 385 3124 quem
419 3042 546 3125 generis
581 3043 630 3108 sui
663 3051 836 3126 auctorem,
873 3044 958 3110 haud
996 3051 1166 3110 contentus
1200 3039 1327 3107 mortali

253 3157 269 3207 9
287 3146 427 3228 fastigio,
452 3153 507 3211 aut
531 3144 682 3213 credebat
699 3167 770 3213 esse
792 3155 848 3214 aut
863 3149 950 3214 credi
972 3149 1110 3216 volebat.
1139 3150 1231 3232 Ergo
1248 3166 1321 3211 cum
1336 3148 1381 3221 30

288 3249 347 3330 his,
379 3269 458 3332 quos
493 3249 610 3314 ducere
640 3271 749 3316 secum
779 3259 942 3334 statuerat,
975 3254 1116 3318 secundo
1146 3272 1241 3318 amne
1274 3252 1328 3316 de-

288 3353 413 3418 scendit
439 3353 481 3418 ad
505 3353 662 3418 Mareotin
684 3355 845 3440 paludem.
892 3357 940 3421 Eo
971 3357 1071 3440 legati
1094 3355 1327 3441 Cyrenensium

288 3455 373 3520 dona
394 3456 541 3538 attulere,
573 3478 686 3542 pacem
708 3466 740 3523 et
763 3465 798 3522 ut
820 3460 922 3525 adiret
952 3462 1047 3526 urbes
1071 3481 1145 3526 suas
1168 3466 1325 3546 petentes

289 3559 351 3623 Ille
396 3559 488 3624 donis
533 3561 676 3646 acceptis
713 3563 918 3646 amicitiaque
955 3565 1124 3630 coniuncta
1168 3563 1328 3629 destinata

237 3675 269 3724 10
288 3663 402 3745 exequi
425 3664 540 3747 pergit.
576 3665 623 3730 Ac
646 3665 748 3749 primo
772 3666 901 3748 quidem
924 3673 956 3731 et
976 3675 1129 3749 sequente
1145 3667 1198 3732 die
1213 3667 1327 3733 tolera-

286 3764 360 3829 bilis
390 3766 480 3830 labor
509 3767 607 3848 visus,
637 3769 780 3834 nondum
802 3777 869 3835 tam
899 3771 999 3836 vastis
1030 3771 1187 3854 nudisque
1219 3771 1326 3836 solitu-

288 3866 415 3932 dinibus
445 3868 549 3948 aditis,
581 3870 645 3935 iam
674 3879 783 3936 tamen
817 3873 919 3938 sterili
952 3882 984 3939 et
1019 3875 1193 3940 emoriente
1227 3882 1321 3962 terra
