2976 4322
291 202 355 265 224
677 201 707 267 Q.
727 199 835 254 CURTI
853 201 940 254 RUFI

290 406 454 472 contendo.
513 405 592 470 Sunt
629 405 692 489 hic,
721 405 783 488 vqui
817 425 940 470 mecum
977 425 1044 469 rem
1081 403 1331 489 pulcherrimam

290 510 525 593 cogitaverunt:
550 529 642 574 nemo
665 516 722 588 est,
748 509 802 591 qui
818 508 980 574 conscium
996 506 1096 572 fuisse
1116 508 1210 572 nobis
1234 507 1332 572 Galli-

288 614 421 681 stheuen
437 613 531 694 dicat,
556 634 627 678 curn
642 613 736 678 morti
758 613 834 678 olim
858 611 1032 678 destinatus
1056 611 1097 676 sit
1120 610 1332 677 aiustissimo

234 743 264 792 11
288 727 320 784 et
357 717 589 802 patientissimo
625 737 711 800 rege.
766 717 856 781 Haec
894 734 971 798 ergo
1009 721 1082 779 sunt
1115 713 1330 780 Macedonum

290 821 442 908 praemia,
480 841 614 903 quorum
648 828 682 885 ut
717 838 915 904 supervacuo
953 807 985 882 et
1022 817 1151 884 sordido
1188 817 1330 884 abuteris

291 925 463 1008 sanguinei
510 924 553 990 At
575 924 633 990 tibi
658 934 733 986 XXX
756 923 845 987 milia
867 923 1023 988 mulorum
1039 921 1200 1006 captivum
1216 942 1331 986 aurum

290 1029 420 1110 vehunt,
463 1049 534 1094 cum
571 1027 688 1092 milites
725 1027 806 1091 nihil
844 1026 972 1091 domum
1009 1034 1134 1110 praeter
1171 1026 1330 1108 gratuitas

241 1159 272 1208 12
291 1133 455 1198 cicatrices
489 1131 620 1196 relaturi
654 1131 724 1196 sint.
783 1131 872 1208 Quae
906 1137 1012 1194 tamen
1050 1130 1156 1194 omnia
1192 1130 1330 1195 tolerare

292 1237 459 1323 potuimus,
484 1243 654 1318 antequam
675 1255 734 1300 nos
756 1233 900 1299 barbaris
924 1233 1058 1299 dederes
1081 1240 1113 1298 et
1135 1253 1219 1298 novo
1242 1254 1329 1298 more

291 1341 428 1406 victores
460 1340 519 1405 sub
549 1338 660 1421 iugum
693 1337 843 1403 mitteres.
897 1338 1064 1402 Persarum
1097 1345 1129 1402 te
1163 1337 1263 1402 vestis
1299 1345 1330 1402 et

292 1444 461 1528 disciplina
483 1443 651 1524 delectant,
676 1443 796 1527 patrios
812 1462 916 1507 mores
940 1462 1056 1507 exosus
1080 1462 1123 1506 es.
1159 1443 1330 1507 Persarum

291 1568 377 1632 erg0,
409 1567 473 1613 non
495 1541 714 1612 Macedonum
735 1567 845 1629 regem
875 1545 1021 1610 occidere
1050 1545 1208 1610 voluimus
1240 1553 1271 1610 et
1297 1553 1329 1610 te

241 1677 272 1727 13
291 1651 488 1734 transfugam
533 1651 611 1716 belli
655 1649 723 1714 iure
760 1649 988 1734 persequimur.
1048 1650 1097 1714 Pu
1134 1649 1329 1715 Macedonas

292 1756 421 1821 voluisti
443 1775 549 1838 genua
570 1755 627 1820 tibi
658 1774 776 1838 ponere
806 1754 1014 1836 venerarique
1040 1761 1071 1818 te
1094 1761 1130 1818 ut
1152 1754 1262 1818 deum:
1294 1761 1329 1818 tu

292 1860 476 1944 Philippum
505 1866 627 1944 patrem
657 1857 813 1922 aversaris
848 1864 887 1938 et,
924 1858 950 1922 si
985 1858 1056 1940 quis
1091 1858 1221 1923 deorum
1254 1865 1329 1923 ante

241 1988 270 2037 14
291 1965 401 2029 Iovem
430 1963 609 2043 haberetur,
644 1961 806 2028 fastidires
836 1961 932 2027 etiam
963 1963 1083 2028 Iovem.
1129 1962 1265 2044 Miraris,
1302 1963 1330 2028 si

290 2068 381 2133 liberi
410 2068 555 2132 homines
590 2066 772 2152 superbiam
806 2074 892 2131 tuam
926 2065 1008 2130 ferre
1042 2086 1106 2130 non
1134 2068 1329 2152 possumus?

292 2173 378 2250 Quid
401 2193 566 2257 speramus
590 2179 693 2252 exte,
718 2170 832 2254 quibus
855 2177 909 2235 aut
931 2171 1108 2236 insontibus
1131 2171 1329 2236 moriendum

292 2284 341 2342 est
363 2284 427 2357 aut,
453 2277 538 2360 quod
560 2275 680 2340 tristius
703 2282 804 2340 morte
827 2281 883 2355 est,
908 2273 941 2338 in
964 2275 1116 2340 servitute
1131 2274 1328 2344 vivendum?

241 2403 272 2453 15
291 2383 340 2446 Tu
363 2381 500 2464 quidem,
525 2380 551 2445 si
575 2379 736 2444 emendari
760 2385 861 2463 potes,
885 2378 1017 2443 multum
1039 2379 1119 2444 mihi
1135 2379 1242 2444 debes.
1279 2381 1329 2443 Ex

289 2507 340 2551 me
363 2486 446 2551 enim
469 2485 550 2550 scire
574 2483 717 2568 coepisti,
742 2483 818 2566 quid
839 2483 968 2566 ingenui
990 2481 1136 2550 homines
1159 2484 1242 2550 ferre
1266 2503 1329 2548 non

290 2590 421 2675 possint.
468 2591 518 2654 De
549 2595 654 2653 cetero
684 2606 797 2672 parce:
833 2607 964 2670 quorum
995 2588 1089 2652 orbas
1120 2595 1326 2668 senectutem,

220 2727 222 2732 .
290 2694 455 2778 suppliciis
478 2714 518 2758 ne
542 2691 732 2758 oneraveris.
779 2692 846 2756 Nos
877 2691 950 2756 iube
981 2691 1063 2772 duci,
1094 2700 1138 2771 ut,
1171 2692 1258 2774 quod
1287 2712 1329 2756 ex

289 2805 344 2862 tua
373 2805 472 2862 morte
502 2796 703 2882 petieramus,
738 2815 968 2878 consequamur
998 2816 1038 2860 ex
1066 2799 1192 2861 nostra.³
1238 2797 1328 2861 Haec

290 2903 489 2967 Hermolaus.
500 2914 504 2924 ‘

730 3006 795 3059 Car.
815 3006 888 3059 VIII.

256 3149 268 3197 1
393 3111 436 3175 nt
457 3131 523 3190 ren,
548 3111 664 3187 ‘Quam
680 3110 763 3176 falsa
779 3109 867 3191 sint’,
884 3109 995 3192 inquit,
1009 3112 1104 3192 ‘quae
1119 3111 1190 3194 iste,
1206 3109 1326 3174 tradita
1337 3113 1382 3185 26

252 3261 268 3310 2
290 3238 310 3280 a
332 3215 484 3298 magistro
501 3234 569 3293 suo,
593 3214 682 3294 dixit,
706 3214 859 3299 patientia
874 3235 945 3278 mea
961 3213 1107 3279 ostendit.
1143 3213 1331 3280 Confessum

289 3321 372 3384 enim
395 3319 538 3384 ultimum
553 3318 687 3398 facinus,
703 3325 809 3382 tamen
824 3338 887 3382 non
907 3319 1008 3382 solum
1030 3317 1100 3403 ipse
1124 3319 1252 3400 oudini,
1276 3319 1331 3383 aad

289 3436 325 3489 ut
340 3447 392 3489 uos
407 3423 558 3488 audiretis
575 3423 726 3507 expressi,
743 3442 807 3487 non
819 3421 1013 3507 imprudens,
1030 3441 1102 3486 curn
1112 3421 1330 3507 permisissem

290 3530 404 3594 latroni
428 3529 503 3592 huic
526 3527 641 3609 dicere,
667 3547 796 3592 usurum
812 3547 851 3592 ea
872 3527 970 3607 rabie,
996 3547 1059 3609 qua
1074 3528 1253 3611 compulsus
1269 3535 1327 3609 est,

290 3641 325 3698 ut
339 3654 398 3717 me,
422 3653 515 3715 quem
531 3633 671 3716 parentis
687 3633 758 3698 loco
775 3631 878 3696 colere
895 3631 1033 3708 deberet,
1058 3630 1155 3696 vellet
1171 3630 1326 3696 occidere.

258 3739 401 3822 3Nuper
425 3758 495 3802 cum
521 3737 689 3821 procacius
720 3756 754 3801 se
784 3737 817 3800 in
847 3737 1015 3800 venatione
1045 3735 1207 3818 gessisset,
1239 3755 1327 3800 more

290 3843 393 3927 patric
416 3849 447 3907 et
469 3844 510 3906 ab
541 3841 770 3924 antiquissimis
794 3840 1002 3906 Macedoniae
1032 3860 1144 3924 regum
1174 3847 1326 3924 usurpato
