3040 4318
436 207 687 264 HISTORIARUM
704 209 920 265 ALEXANDRI
938 213 962 266 V
980 217 1004 268 9.
1178 218 1240 280 113

148 417 192 490 21
308 417 407 482 Haud
428 415 541 482 mirum
564 422 621 497 est,
650 415 791 482 Dareum
814 435 877 481 non
899 423 1094 503 temperasse
1124 422 1239 505 animo,
1258 436 1275 486 9

203 543 402 605 quamquam,
437 528 503 586 tam
533 519 649 605 impiae
680 519 752 585 voci
782 527 933 603 quantum
967 523 1057 589 nefas
1086 526 1240 609 subesset,

202 627 331 692 latebat.
377 627 498 708 Itaque,
530 623 748 708 ‘Pessimum’,
782 624 892 708 inquit,
923 629 1137 713 mancipium,
1173 652 1241 717 rep·

203 731 313 815 peristi
347 736 532 814 exoptatum
565 727 623 794 tibi
656 735 791 813 tempus,
827 750 889 812 quo
926 731 1131 816 parricidium
1168 757 1242 820 ape-

203 835 314 901 riresl’
346 835 516 917 strictoque
546 833 677 899 aeinaee
707 833 929 902 interfecturus
960 858 1032 902 eum
1062 838 1239 922 videbatur,
1260 853 1294 902 10

204 940 236 1004 ni
270 960 404 1024 propere
435 939 554 1004 Bessus
585 937 819 1022 Bactrianique,
853 942 951 1026 quasi
984 941 1240 1027 deprecarentur,

204 1044 339 1109 tristium
384 1043 503 1128 specie,
548 1049 698 1122 ceterum,
743 1043 771 1108 si
815 1053 1042 1129 perseveraret,
1095 1047 1241 1129 vincturi,

205 1148 495 1214 circumstetissent.
539 1146 747 1213 Nabarzanes
780 1148 907 1214 interim
941 1133 1078 1235 elapsus,
1114 1174 1187 1218 mox
1211 1161 1241 1219 et
1261 1165 1292 1214 11

206 1253 324 1317 Bessus
355 1257 561 1319 consecutus:
592 1250 711 1335 copias,
743 1251 856 1334 quibus
887 1262 1063 1337 praeerant,
1094 1264 1242 1322 aeetero

206 1355 348 1422 exercitu
385 1355 536 1421 secedere
573 1355 691 1436 iubent,
730 1363 886 1422 secretum
923 1357 1029 1422 inituri
1066 1359 1241 1426 eonsilium.

206 1459 393 1541 Artabazus,
414 1459 654 1525 convenientem
684 1460 843 1544 praesenti
874 1460 1018 1528 fortunae
1049 1463 1238 1528 sententiam
1259 1477 1291 1526 12

207 1584 307 1646 orsus,
330 1565 477 1648 mitigare
496 1565 647 1644 Dareum,
670 1571 847 1648 temporum
859 1564 1033 1632 identidem
1056 1567 1240 1648 admonens,

205 1669 329 1753 eoepit:
375 1667 471 1734 ferret
508 1688 612 1750 aequo
648 1667 753 1732 animo
791 1668 1076 1753 qualiumcumque,
1115 1691 1242 1736 suorum

205 1782 312 1839 tamen
327 1773 379 1839 vel
394 1773 558 1838 stultitiam
573 1772 625 1838 vel
641 1792 789 1844 errorem.
828 1774 950 1838 Instare
964 1771 1089 1862 [tamen]
1107 1774 1244 1840 Alexan-

205 1878 306 1960 drum,
346 1899 487 1962 gravem,
522 1878 646 1943 etiamsi
683 1896 793 1942 omnes
830 1885 958 1963 praesto
996 1886 1123 1944 essent:
1168 1880 1245 1963 quid

205 1981 355 2062 futurum,
386 1983 413 2048 si
435 1982 595 2067 persecuti
624 1980 737 2064 fugam
768 1982 868 2066 ipsius
891 1982 1092 2048 alienentur?
1136 1983 1243 2067 Aegre
1263 1996 1296 2047 13

205 2109 263 2154 rex
300 2087 405 2173 paruit
442 2087 601 2154 Artabazo
647 2072 688 2168 et,
745 2107 937 2170 quamquam
974 2108 1103 2153 movere
1140 2096 1245 2154 castra

207 2199 369 2274 statuerat,
398 2191 532 2256 turbatis
555 2199 663 2258 tamen
686 2191 824 2256 omniurn
846 2192 960 2258 animis
984 2191 1097 2257 eodem
1120 2193 1152 2257 in
1174 2194 1244 2259 loco

206 2296 356 2362 substitit.
404 2295 470 2360 Sed
492 2296 644 2361 attonitus
667 2295 826 2360 maestitia
853 2295 946 2360 simul
969 2303 1001 2360 et
1024 2296 1245 2382 desperatione

206 2402 412 2468 tabernaculo
443 2421 478 2467 se
500 2401 637 2466 inclusit.
683 2401 771 2484 Ergo
801 2401 833 2464 in
864 2401 985 2482 castris,
1018 2422 1099 2484 quae
1128 2401 1244 2467 nullius
1264 2412 1297 2464 14

205 2507 399 2590 regebantur
414 2507 557 2592 imperio,
581 2506 661 2572 varii
684 2505 859 2570 animorum
882 2513 985 2570 motus
1009 2513 1107 2588 eraut,
1130 2527 1190 2572 nec
1213 2506 1245 2570 in

205 2631 382 2692 commune,
407 2617 442 2676 ut
464 2618 547 2692 ante,
576 2611 808 2676 consulebatur.
855 2610 929 2674 Dux
953 2611 1146 2676 Graecorum
1168 2611 1244 2674 mili·
1264 2620 1297 2672 15

204 2723 271 2780 tum
294 2715 412 2781 Patron
435 2737 523 2780 arma
546 2736 662 2801 capere
685 2735 759 2780 suos
786 2714 874 2779 iubet
896 2721 1086 2799 paratosque
1109 2734 1181 2780 esse
1203 2714 1246 2779 ad

205 2820 425 2903 exequendum
448 2820 632 2905 imperium:
656 2821 774 2885 Persae
797 2827 1014 2885 secesserant:
1038 2819 1157 2886 Bessus
1174 2841 1245 2884 cum
1264 2829 1297 2880 16

205 2923 384 2990 Bactrianis
415 2932 483 2990 erat
512 2925 752 3010 temptabatque
783 2925 898 2989 Persas
929 2923 1098 3005 abducere,
1129 2924 1246 2988 Bactra

205 3035 237 3094 et
259 3029 398 3094 intactae
420 3029 561 3112 regionis
584 3029 736 3113 opulenta
758 3029 922 3111 simulque,
947 3049 1028 3110 quae
1044 3027 1245 3093 manentibus

204 3133 367 3214 instarent,
391 3132 534 3217 pericula
557 3139 730 3198 ostentans.
775 3133 943 3214 Persarum
967 3132 1109 3197 omnium
1132 3132 1246 3196 eadem

204 3235 276 3302 fere
308 3236 367 3302 fuit
400 3257 472 3319 vor,
507 3237 598 3302 nefas
633 3257 719 3321 esse,
738 3236 843 3302 deseri
875 3257 994 3320 regem.
1040 3237 1128 3302 Inter
1161 3235 1296 3300 1100017

203 3339 382 3406 Artabazus
407 3341 553 3407 omnibus
576 3340 790 3426 imperatoriis
814 3339 1007 3423 fungebatur
1030 3338 1162 3405 officiis:
1192 3339 1246 3405 ille

204 3446 374 3510 Persarum
403 3446 611 3511 tabernacula
642 3445 818 3526 circumire,
850 3444 978 3524 hortari,
1010 3465 1140 3510 monere
1162 3464 1245 3509 nunc

205 3549 358 3633 singulos,
390 3567 473 3616 nuno
503 3550 669 3616 universos
700 3568 763 3614 non
793 3557 867 3614 0010
899 3548 1020 3615 destitit
1050 3569 1145 3630 quam
1168 3549 1245 3614 satis

205 3661 366 3719 constaret
400 3655 556 3740 imperata
586 3655 737 3720 facturos.
782 3653 872 3719 Idem
895 3674 993 3736 aegre
1016 3674 1037 3720 a
1059 3655 1165 3720 Dareo
1192 3653 1243 3716 im-

204 3757 351 3842 petravit,
376 3766 410 3824 ut
432 3759 538 3825 cibum
562 3766 689 3844 caperet
712 3757 913 3840 animumque
936 3758 1030 3823 rebus
1053 3757 1243 3824 adverteret.
1276 3807 1282 3823 .

256 3963 355 4006 Curtius
369 3964 445 4007 Rufus
459 3976 508 4008 von
523 3963 600 4007 Stan
609 3963 647 4015 gl,
1124 3948 1140 3998 8
