3040 4318
434 183 685 237 nrsroamaon
703 182 917 236 stamnum
935 184 972 236 vr
991 187 1015 236 9.
1190 187 1251 249 153
1309 163 1313 179 ’

218 391 285 469 sed,
315 399 350 455 ut
379 391 442 455 iarn
466 391 657 471 damnatum,
689 390 830 455 vinctum
860 391 1071 456 intuebantur.
1119 390 1253 457 Subibat
1271 403 1305 454 27

212 496 334 561 animos
357 495 575 560 Parmenionis
599 513 731 577 quoque,
755 495 835 559 tanti
858 494 957 576 ducis,
982 501 1047 559 tam
1071 497 1252 577 claricinis,

212 601 346 681 fortuna,
383 600 445 683 qui,
476 599 570 664 modo
605 599 729 665 duobus
762 598 835 662 filiis
870 599 1069 664 Hectoreae
1094 599 1254 666 Nicanore

210 705 348 786 orbatus,
385 725 456 769 oum
501 695 559 783 eo,
574 724 668 786 quem
706 703 864 786 reliquum
911 703 1077 768 calamitas
1122 705 1253 785 fecerat,

208 810 327 874 absens
351 808 471 874 diceret
501 827 642 873 oausam.
689 807 803 889 ltaque
828 807 995 890 Amyntas,
1027 808 1135 891 regius
1165 831 1254 894 prae·
1272 820 1306 870 28

207 920 264 993 tor,
311 913 518 978 inclinantem
557 911 599 976 ad
636 910 889 976 misericordiam
930 912 1108 977 contionem
1145 934 1252 980 rursus

207 1037 323 1102 aspera
356 1017 389 1080 in
424 1016 574 1082 Philotan
613 1015 756 1080 oratione
795 1016 983 1081 commovit:
1021 1015 1163 1101 proditos
1198 1039 1253 1083 eos

209 1143 281 1188 esse
303 1122 459 1202 barbaris,
491 1122 649 1186 neminem
673 1120 716 1185 ad
746 1121 915 1204 coniugem
947 1141 1037 1186 suam
1060 1121 1093 1186 in
1116 1123 1251 1207 patriam

207 1234 238 1291 et
260 1225 303 1291 ad
325 1233 476 1310 parentes
498 1201 602 1290 inisse
632 1225 827 1290 rediturum:
857 1224 944 1290 velut
967 1233 1112 1290 truncum
1136 1247 1250 1311 corpus

206 1330 334 1414 dempto
358 1331 464 1416 capite
487 1330 557 1395 sine
581 1330 702 1414 spiritu,
728 1330 796 1395 sine
819 1330 947 1394 nomine
973 1367 1011 1375 —
1037 1329 1143 1395 aliena
1165 1338 1251 1396 terra

207 1435 380 1500 ludibrium
403 1434 504 1499 hostis
527 1433 659 1498 tuturos.
705 1432 962 1516 Haudquaquam
986 1455 1043 1518 pro
1067 1454 1124 1518 spe
1148 1435 1247 1520 ipsius
1265 1443 1300 1494 29

207 1539 367 1622 Amyntae
392 1539 492 1604 oratio
517 1545 610 1621 grata
632 1538 703 1620 regi
733 1537 802 1619 fuit,
836 1537 921 1620 quod
953 1538 1132 1622 coniugum,
1165 1539 1251 1622 quod

206 1645 329 1728 patriae
353 1642 532 1707 admonitos
555 1642 713 1727 pigriores
736 1642 779 1707 ad
802 1649 909 1707 cetera
930 1643 1038 1707 munia
1061 1645 1249 1726 exequenda

152 1745 196 1816 36
209 1747 347 1813 fecisset.
401 1748 482 1812 lum
521 1747 656 1828 Coenus,
696 1767 887 1829 quamquam
924 1747 1071 1812 Philotae
1108 1768 1247 1813 sororem
1266 1755 1300 1806 30

205 1851 406 1917 matrimonio
446 1872 554 1916 secum
592 1851 812 1930 coniunxerat,
857 1857 964 1915 tamen
1010 1852 1115 1916 acrius
1153 1874 1246 1935 quam

205 1957 372 2043 quisquam
409 1955 441 2020 in
479 1955 628 2020 Philotan
664 1955 811 2020 invectus
849 1962 905 2035 est,
944 1955 1136 2039 parricidam
1174 1977 1246 2022 esse

204 2061 298 2144 regis,
337 2061 469 2145 patriae,
510 2060 668 2124 exercitus
707 2059 891 2124 clamitans:
938 2079 1121 2142 saxumque,
1161 2061 1245 2143 quod
1264 2066 1295 2115 31

203 2164 284 2229 forte
307 2171 382 2229 ante
405 2163 505 2249 pedes
519 2164 654 2244 iacebat,
671 2163 811 2248 anipuit,
828 2163 1001 2228 emissurus
1017 2163 1050 2226 in
1066 2183 1137 2228 eum
1154 2201 1193 2211 -
1210 2171 1245 2229 ut

202 2267 347 2352 plerique
370 2267 581 2348 crediderunt,
605 2268 769 2333 tormentis
793 2267 980 2332 subtrahere
1004 2267 1143 2352 cupiens.
1179 2268 1245 2334 Sed

202 2392 259 2436 rex
281 2393 409 2437 manum
432 2373 500 2437 eius
523 2371 668 2453 inhibuit,
697 2370 853 2436 dicendae
876 2371 964 2456 prius
987 2391 1103 2436 causae
1127 2371 1244 2437 debere

201 2475 268 2540 fieri
290 2483 481 2561 potestatem
507 2495 561 2540 reo
584 2496 643 2540 nec
674 2476 767 2540 aliter
792 2475 924 2561 iudicari
947 2495 1113 2560 passurum
1138 2495 1172 2540 se
1194 2477 1238 2540 af-

201 2579 338 2644 firmans.
385 2580 466 2645 'ihm
497 2579 604 2644 dicere
634 2579 738 2644 iussus
762 2579 917 2657 Philotas,
949 2579 1017 2643 sive
1048 2580 1242 2644 conscientia
1262 2591 1295 2640 32
1401 2583 1404 2588 ’

201 2685 331 2750 sceleris
362 2685 429 2750 sive
459 2684 593 2768 periculi
626 2683 847 2766 magnitudine
877 2703 987 2747 amens
1018 2689 1050 2748 et
1079 2684 1239 2765 attonitus,

201 2809 264 2852 non
297 2789 444 2853 attollere
479 2790 597 2868 oeulos,
632 2807 696 2852 non
730 2787 854 2852 hiscere
887 2786 1035 2851 audebat.
1086 2788 1239 2852 Lacrimis
1259 2799 1291 2848 33

200 2891 316 2958 deinde
337 2893 539 2957 manantibus
562 2892 725 2974 linquente
749 2891 854 2955 animo
876 2891 910 2955 in
938 2911 1019 2971 eum,
1043 2913 1063 2954 a
1079 2912 1140 2973 quo
1154 2899 1240 2957 tene-

188 2996 300 3078 batur,
316 2997 475 3061 incubuit:
488 2996 705 3077 abstersisque
720 2996 857 3061 amiculo
875 2996 943 3060 eius
959 2995 1069 3076 oculis,
1086 2996 1238 3080 paulatim

199 3101 357 3184 recipiens
380 3101 525 3185 spiritum
548 3121 586 3164 ao
610 3120 731 3180 vocem,
750 3099 890 3164 dicturus
904 3099 1083 3164 videbatur.
1107 3101 1238 3182 Iamque
1258 3116 1291 3165 34

199 3225 264 3285 rex,
287 3205 414 3270 intuens
438 3225 520 3286 eum,
544 3204 778 3285 ‘Macedones',
803 3204 914 3286 inquit,
939 3204 993 3268 ‘de
1016 3211 1048 3268 te
1070 3204 1238 3269 iudicaturi

199 3317 288 3374 sunt:
320 3330 446 3392 quaero,
478 3331 520 3374 an
543 3310 644 3393 patrio
668 3328 813 3373 sermone
844 3309 887 3373 sis
911 3309 997 3393 apud
1021 3329 1075 3374 eos
1098 3311 1237 3374 usurus'..

198 3413 278 3477 lbrm
301 3413 455 3494 Philotas,
476 3414 620 3478 ‘Praeter
635 3413 852 3494 Macedonas',
877 3414 985 3496 inquit,
1006 3413 1162 3497 ‘plerique
1184 3412 1237 3477 ad·
1258 3427 1291 3477 35

198 3524 278 3598 sunt,
314 3537 394 3598 quos
423 3517 557 3598 facilius,
593 3539 674 3600 quae
705 3518 819 3598 dicam,
854 3525 1061 3602 percepturos
1094 3517 1234 3597 arbitror,

197 3619 224 3685 si
247 3620 360 3685 eadem
382 3617 494 3704 lingua
517 3620 606 3686 fuero
629 3641 714 3702 usus,
740 3643 802 3704 qua
824 3628 858 3686 tu
875 3621 977 3704 egisti,
1002 3641 1066 3685 non
1082 3622 1122 3685 ob
1139 3620 1233 3702 aliud,

197 3724 301 3806 oredo,
334 3745 428 3806 quam
450 3732 485 3790 ut
508 3725 608 3789 oratio
631 3733 687 3790 tua
715 3725 859 3808 intellegi
890 3731 999 3809 posset
1021 3746 1041 3789 a
1061 3725 1253 3809 pluribus.-

196 3828 276 3892 unm
311 3847 376 3907 rex,
408 3827 543 3910 ‘Ecquid
574 3827 689 3893 videtis
720 3829 793 3893 odio
823 3828 919 3894 etiam
950 3828 1106 3893 sermonis
1138 3829 1232 3913 patrii
1252 3841 1285 3892 36
