2976 4322
277 232 528 287 nrsroamaurr
546 233 760 286 annuarum
778 233 858 286 vnn
876 236 899 285 r.
1044 231 1108 297 249

108 438 225 504 ehiculis
258 439 440 505 circumfusi
463 446 677 525 repugnantes
708 437 818 506 fodere
842 445 1021 524 coeperunt.
1068 441 1110 505 llt
1128 450 1161 501 17

107 543 210 624 incula,
239 543 309 626 quis
339 551 485 610 conserta
515 549 614 626 erant,
645 543 736 610 iussit
758 543 865 625 incidi,
889 563 952 627 quo
982 543 1108 609 facilius

108 648 200 729 ngula
228 647 537 715 circumvenirentur.
590 650 704 733 Itaque
731 657 795 713 VIII
823 646 951 713 milibus
981 666 1108 713 suorum

107 751 197 816 missis
218 751 247 816 in
271 752 426 838 oppidum
456 753 651 836 refugerunt.
697 754 829 818 Postero
853 751 905 817 die
936 751 1029 816 scalis
1053 771 1108 816 un·
1128 761 1160 813 18

107 854 171 936 ique
193 855 325 921 admotis
341 856 421 920 muri
445 861 650 941 occupantur.
698 856 812 921 Paucis
828 855 999 941 pernicitas
1014 854 1108 920 saluti

107 959 150 1023 it:
173 959 223 1042 qui
253 960 380 1043 cognito
410 960 497 1026 urbis
525 959 649 1025 excidio
680 960 829 1046 paludem
852 966 1057 1024 transnavere
1081 967 1110 1022 ct

136 1063 236 1128 vicina
265 1064 385 1149 oppida
407 1065 570 1148 ingentem
599 1065 734 1130 intulere
764 1071 926 1144 terrorem,
956 1062 1109 1128 invictum

107 1168 241 1232 :ercitum
263 1174 295 1234 et
317 1167 449 1234 deorum
473 1170 615 1255 profecto
637 1169 806 1235 advenisse
828 1174 1049 1235 memorantes.

160 1271 340 1338 Alexander
369 1273 411 1338 ad
441 1273 630 1341 vastandam
660 1295 731 1340 eam
761 1273 925 1356 regionem
954 1271 1107 1338 Perdicca
1128 1284 1160 1335 19

107 1397 144 1439 rm
181 1377 330 1461 expedita
362 1397 458 1443 manu
492 1378 588 1443 misse
621 1385 744 1463 partem
778 1378 940 1462 copiarum
974 1375 1108 1441 Eumeni

107 1479 209 1562 rdidit,
225 1487 259 1545 ut
274 1481 302 1546 is
319 1500 445 1564 quoque
459 1482 613 1547 barbaros
629 1481 671 1546 ad
687 1481 881 1547 deditionem
893 1479 1107 1564 compelleret,

107 1605 138 1650 se
154 1591 275 1650 ceteros
298 1584 340 1649 ad
356 1586 467 1650 urbem
490 1585 639 1667 validam,
655 1585 688 1650 in
711 1607 806 1668 quarn
821 1585 956 1650 aliarum
980 1602 1108 1666 quoquc

107 1689 278 1771 ningerant
301 1689 435 1770 incolae,
459 1689 559 1754 duxit.
606 1688 768 1775 Oppidani
783 1690 898 1770 missis
922 1688 976 1772 qui
998 1708 1108 1771 regem
1127 1701 1161 1750 2ο
1251 1745 1253 1749 .

107 1799 321 1876 precarentur,
353 1793 452 1859 nihilo
483 1794 586 1858 minus
616 1795 735 1859 bellum
768 1794 933 1879 parabant.
980 1790 1107 1875 Quippe

107 1905 137 1961 ta
164 1897 278 1963 seditio
300 1897 332 1961 in
364 1896 491 1963 diversa
514 1898 645 1963 consilia
677 1898 848 1963 diduxerat
870 1897 1019 1979 vulgum:
1053 1895 1108 1958 alii

106 2001 174 2065 unia
203 2000 365 2066 deditione
387 2001 523 2086 potiora,
554 2001 685 2085 quidam
707 2001 826 2067 nullam
858 2021 951 2086 opem
974 2001 1006 2065 in
1028 1999 1107 2084 ipsis

106 2125 136 2169 se
160 2104 328 2170 ducebant.
376 2105 441 2171 Sed
471 2104 547 2170 dum
569 2105 648 2170 nihil
671 2107 704 2171 in
734 2127 899 2172 commune
922 2103 1104 2184 consulitur,
1125 2116 1157 2166 21

106 2209 119 2272 ,ἰ
135 2209 290 2274 deditioni
313 2209 528 2291 imminebant,
544 2211 663 2294 apertis
679 2211 777 2296 portis
793 2211 916 2275 hostem
938 2207 1105 2290 recipiunt.
1199 2290 1200 2294 Ἰ

108 2313 251 2379 exander
266 2333 458 2396 quamquam
480 2314 556 2380 belli
572 2315 752 2379 auctoribus
774 2314 842 2379 iure
858 2319 984 2398 poterat
1002 2310 1105 2391 irasci,
1125 2325 1159 2374 22

106 2438 171 2482 nen
195 2409 340 2482 omnibus
361 2419 455 2483 venia
478 2418 554 2483 data
577 2425 608 2484 et
623 2417 786 2484 obsidibus
810 2416 951 2502 acceptis
974 2415 1016 2480 ad
1039 2435 1108 2500 pro·

106 2543 183 2585 uam
207 2520 323 2588 deinde
346 2523 456 2588 urbem
476 2530 582 2588 castra
605 2523 713 2588 movit.
760 2521 897 2588 Obsides
913 2520 1108 2585 ducebantur

106 2634 136 2691 te
160 2647 296 2709 agmen:
331 2646 410 2709 quos
445 2647 516 2691 cum
550 2648 590 2693 ex
624 2627 724 2692 muris
755 2626 971 2708 agnovissent,
995 2629 1105 2708 utpote
1124 2637 1157 2687 23

106 2731 168 2794 ntis
216 2729 369 2811 eiusdem,
421 2730 452 2794 in
499 2731 691 2812 colloquium
732 2735 996 2795 convocaverunt.
1056 2726 1105 2790 Illi

106 2834 268 2900 tmentiam
312 2833 397 2917 regis
438 2835 593 2918 simulque
637 2833 702 2900 vim
744 2831 1021 2899 commemorando
1063 2829 1106 2895 ad

106 2937 260 3003 ditionem
283 2957 336 3002 eos
359 2937 557 3023 compulere:
578 2945 761 3020 ceterasque
776 2937 870 3002 urbes
893 2935 988 3000 simili
1011 2933 1105 2999 modo

106 3041 201 3106 mitas
225 3041 257 3106 in
279 3040 375 3107 fidem
397 3041 528 3126 accepit.

153 3146 239 3210 Hinc
262 3145 295 3208 in
324 3166 457 3228 regnum
482 3145 658 3230 Sopbythis
688 3152 874 3231 perventum
905 3151 962 3209 est.
1009 3142 1104 3223 Gens,
1124 3156 1158 3205 24

116 3249 250 3314 barbari
274 3249 414 3331 credunt,
442 3249 599 3334 sapientia
622 3251 757 3316 excellet
787 3249 941 3331 bonisque
964 3247 1105 3312 moribus

106 3355 193 3436 gitur.
243 3352 375 3419 Genitos
406 3353 522 3419 liberos
552 3375 616 3419 non
638 3361 804 3438 parentum
834 3351 963 3417 arbitrio
993 3351 1106 3415 tollunt
1124 3364 1157 3414 25

106 3465 227 3539 lntquc,
252 3455 309 3523 scd
332 3478 449 3539 corum,
474 3457 588 3540 quibus
605 3457 769 3543 spectandi
792 3457 946 3522 infantum
963 3455 1105 3520 habitum

106 3583 135 3626 a
168 3560 326 3626 mandata
356 3568 412 3626 est.
460 3561 494 3626 Si
525 3581 603 3644 quos
633 3561 775 3645 insignes
801 3568 857 3626 aut
885 3558 992 3642 aliqua
1015 3563 1105 3643 parte

106 3665 281 3730 :mbrcrum
307 3664 433 3730 inutiles
456 3671 654 3745 notaverunt,
685 3664 791 3730 necari
813 3664 931 3729 iubent.
977 3662 1105 3747 Nuptiis
1124 3673 1157 3724 26

106 3776 179 3836 tunt
204 3789 269 3833 non
300 3789 418 3851 genere
441 3789 478 3834 ac
508 3768 672 3834 nobilitate
703 3767 888 3848 coniunctis,
919 3766 976 3832 sed
1003 3767 1106 3832 electa

106 3893 233 3958 porum
250 3873 366 3956 specie,
391 3873 465 3955 quia
480 3871 592 3938 cadem
614 3871 799 3938 aestimatur
813 3870 846 3935 in
861 3869 977 3938 liberis.
1003 3869 1104 3933 Huius
1123 3879 1157 3931 27
