2970 4322
401 183 655 237 HISTORIARUM
673 180 887 234 ALEXANDRI
908 178 932 230 X
951 184 975 232 4.
1147 177 1210 241 293

166 390 380 474 supplemento
413 390 580 454 iuniorum
610 388 827 452 Macedonum
858 387 903 450 ad
933 410 1037 474 reqem
1065 409 1206 472 perqere.

172 494 349 558 Verebatur
363 495 460 576 enim,
484 516 522 558 ne
534 517 596 580 per
612 493 812 557 discordiam
820 491 987 578 praefecti
1006 514 1079 554 cum
1097 491 1206 577 Olym-

162 597 263 683 piade
291 599 404 683 qrauis
434 598 550 683 aliqua
581 597 689 662 clades
718 596 927 682 acciperetur.
973 597 1065 659 Nam
1088 596 1210 659 multas

166 702 213 766 ad
250 701 480 766 Aleaandrum
525 701 674 788 epistolas
718 711 833 782 mater,
878 700 999 764 multas
1034 697 1209 786 Antipater

165 805 309 886 miserat,
329 806 535 890 vicissimque
565 806 649 870 inter
678 827 708 869 se
739 805 1013 886 criminabantur,
1048 827 1131 890 quae
1162 806 1208 869 ad

164 908 302 973 dedecus
325 919 384 973 aut
413 911 640 973 detrimentum
662 910 771 995 reqiae
793 909 975 972 maiestatis
997 909 1205 994 pertinerent.

162 1014 342 1099 Postquam
368 1015 454 1078 enlm
477 1037 590 1078 rumor
612 1014 709 1078 occisi
737 1013 822 1099 reqis
844 1023 958 1077 temere
989 1013 1139 1099 culpatus
1169 1014 1205 1077 in

163 1117 395 1182 Macedoniam
418 1101 610 1204 penetrauit,
641 1128 747 1183 muter
769 1118 838 1183 eius
859 1139 1007 1202 sororque
1033 1115 1203 1202 Cleopatra

162 1221 381 1286 tumultuatae
395 1223 547 1308 fuerunt,
571 1224 696 1287 ethaeo
716 1222 846 1308 quidem
860 1231 1039 1306 paternum
1058 1245 1203 1307 reqnum,

162 1324 335 1412 Olympias
356 1326 497 1412 Fpirum
523 1328 698 1391 inuaserat.

266 1430 393 1494 Interea
430 1454 499 1514 ren,
537 1441 573 1495 ut
609 1431 779 1494 imminuti
815 1431 972 1494 enercitus
1009 1430 1203 1495 detrimenta

159 1533 309 1615 sarciret,
329 1535 487 1620 optimum
517 1559 671 1621 quemque
701 1535 882 1600 Persarum
912 1535 948 1598 in
978 1533 1204 1599 Macedonicos

159 1637 288 1702 ordines
322 1637 449 1725 alioqu:
473 1639 561 1704 mille
585 1641 686 1704 etiam
706 1639 1006 1725 praestantissimos
1027 1639 1203 1724 seqreqaoit

160 1741 207 1805 ad
223 1743 362 1826 corporis
377 1743 577 1808 custodiam:
601 1745 708 1808 aliam
723 1744 925 1808 hastatorum
940 1765 1088 1825 manum,
1111 1743 1203 1806 baud

151 1844 329 1930 pauciores
358 1847 467 1912 decem
497 1847 640 1929 milibus,
675 1849 764 1912 circa
795 1847 921 1932 reqium
952 1845 1202 1910 tabernaculum

158 1949 314 2013 arcontius
347 1973 440 2037 aqere
473 1951 576 2015 iussit.
623 1952 715 2015 Haec
750 1951 858 2037 aqenti
891 1951 1055 2015 Peucestes
1091 1973 1199 2036 super-

157 2053 244 2116 uenit
267 2076 341 2117 cum
364 2055 482 2141 uiqinti
500 2055 747 2141 saqittariorum
762 2054 1039 2140 funditorumque
1058 2054 1199 2138 milibus,

161 2178 239 2241 quos
271 2180 311 2221 eu
343 2179 404 2222 sua
431 2159 605 2244 prouincia
640 2169 793 2245 coeqerat.
839 2159 903 2222 His
929 2181 991 2245 per
1024 2161 1200 2224 enercitum

157 2259 340 2325 distributis
362 2262 530 2348 profectus
553 2273 596 2326 est
618 2261 713 2327 Susis
739 2272 767 2326 et
790 2263 952 2348 Pasitiqri
975 2286 1071 2327 amne
1094 2273 1198 2328 trans-

156 2363 257 2428 misso
287 2366 377 2450 apud
400 2363 508 2430 Caras
530 2377 638 2430 castra
662 2377 799 2431 metatus
821 2377 883 2431 est:
913 2368 988 2431 inde
1012 2368 1199 2452 quadriduo

150 2490 212 2552 per
234 2467 420 2533 Sittacenen
443 2470 549 2534 ductis
572 2472 672 2556 copiis
687 2470 859 2535 Sambana
876 2472 1040 2556 processit,
1063 2473 1121 2535 ubi
1139 2497 1200 2558 per

157 2581 272 2656 septem
310 2572 380 2637 dies
416 2575 560 2658 quietum
599 2597 714 2660 aqmen
751 2575 861 2639 tenuit.
927 2574 1046 2637 Tridui
1083 2577 1198 2641 deinde

156 2673 270 2740 itinere
303 2699 427 2741 emenso
462 2675 596 2742 Celonas
623 2689 813 2764 peruentum
847 2688 900 2742 est.
947 2679 1112 2764 Oppidum
1141 2681 1197 2746 boc

156 2787 259 2842 tenent
273 2780 408 2844 Boeotia
424 2781 578 2866 profecti,
602 2805 679 2867 quas
701 2783 822 2846 Xerses
843 2783 970 2848 sedibus
991 2785 1059 2848 suis
1081 2787 1198 2850 enoltos

156 2881 192 2944 in
216 2883 378 2948 Orientem
402 2885 576 2948 transtulit.
615 2885 859 2973 Servabantque
883 2899 1109 2974 arqumentum
1132 2892 1195 2954 ori-

152 2985 241 3071 qinis
263 2987 431 3072 peculiari
464 3011 604 3054 sermone
626 3013 665 3054 erc
688 2989 824 3054 Graecis
846 2991 1039 3078 plerumque
1068 2995 1197 3058 vocibus

156 3100 327 3173 cunctante,
358 3102 495 3156 ceterum
515 3094 550 3157 ob
572 3095 836 3159 commerciorum
855 3099 1072 3162 necessitatem
1086 3099 1194 3181 finiti-

155 3215 282 3256 morum
299 3195 513 3259 barbarorum
533 3197 645 3283 linqua
662 3199 843 3262 utebantur.
890 3201 971 3264 Inde
993 3202 1195 3287 Baqistanen

153 3297 312 3383 inqressus
326 3309 379 3381 est,
393 3301 552 3386 reqionem
567 3302 750 3387 opulentam
764 3313 793 3367 et
807 3305 1027 3368 abundantem
1041 3308 1195 3370 arborum

154 3424 285 3466 amoeno
308 3413 336 3467 et
356 3404 505 3489 fecundo
526 3405 623 3490 foetu
646 3408 815 3493 ceterisque
839 3409 884 3471 ael
907 3410 992 3473 vitae
1014 3434 1077 3474 non
1099 3434 1194 3475 usum

155 3506 259 3588 modo,
282 3528 394 3569 oerum
417 3508 517 3571 etiam
541 3509 780 3574 delectationem
797 3513 1040 3596 pertinentibus.

258 3610 585 3702 Perventumtcleinde
608 3624 651 3677 est
674 3615 709 3678 in
724 3614 855 3680 Mediae
879 3639 1016 3702 campos,
1040 3619 1098 3682 ubi
1121 3643 1191 3683 ma·

152 3711 238 3774 nimi
261 3733 414 3798 equomm
441 3738 548 3802 qreqes
572 3719 801 3802 pascebantur.
847 3718 985 3784 Nisaeos
1016 3723 1192 3807 uqqrellant,

152 3815 378 3901 maqnitndine
408 3827 436 3881 et
465 3820 565 3904 specie
599 3821 746 3908 insi9nes.
804 3823 914 3910 Supra
949 3826 1190 3912 quinquaqinta
