2970 4322
403 145 654 202 HISTORIARUM
670 148 886 204 ALEXANDRI
906 151 984 205 VIIII
1002 155 1026 206 9.
1169 151 1232 218 275

186 349 318 434 Iamque
346 351 460 418 levatis
482 352 620 437 navigiis
643 361 675 418 et
700 360 768 419 tota
790 355 893 422 classe
924 357 1077 441 dispersa,
1102 358 1155 440 qui
1178 377 1232 423 ex·
1251 373 1281 423 11

186 453 283 538 positi
307 462 405 537 erant,
428 457 569 540 undique
584 457 627 522 ad
649 477 749 525 naves
771 458 887 543 trepidi
910 465 941 524 et
960 459 1135 544 improviso
1147 463 1231 528 malo

187 559 314 624 attoniti
329 568 504 626 recurrunt.
529 561 595 627 Sed
606 562 639 626 in
660 563 798 628 tumultu
817 561 978 629 festinatio
998 582 1124 646 quoque
1139 564 1231 629 tarda
1252 581 1283 630 12

186 669 245 728 est.
270 663 313 728 Hi
330 663 432 729 contis
447 665 578 749 navigia
599 666 762 751 pellebant
785 677 814 731 ct
835 689 939 730 remos
960 667 1062 752 aptari
1087 666 1233 750 prohibe·

185 766 272 848 bant,
286 765 328 847 hi,
344 766 419 832 dum
431 788 535 834 remos
548 779 672 855 aptant,
681 770 905 836 consederant:
919 769 1048 852 quidam
1057 771 1231 855 enavigare
1252 789 1283 840 13

184 878 394 955 properantes
410 871 494 956 [sed]
510 893 574 938 non
597 873 783 958 expectatis,
801 874 855 957 qni
872 873 967 940 simul
980 893 1049 940 esse
1062 874 1229 958 debebant,

185 975 302 1040 clauda
325 983 358 1040 et
384 973 539 1042 inhabilia
560 977 692 1061 navigia
717 977 869 1062 languide
898 977 1124 1044 moliebantur:
1148 980 1231 1046 aliae

184 1080 316 1146 navium
339 1080 519 1147 inconsulte
541 1089 671 1148 ruentes
693 1103 757 1148 non
776 1089 973 1168 receperant,
996 1083 1179 1168 pariterque
1199 1093 1230 1152 et

184 1180 353 1250 multitudo
391 1193 423 1250 et
458 1186 606 1271 paucitas
639 1187 831 1253 festinantes
867 1187 1058 1252 morabatur.
1104 1187 1231 1253 Clamor
1250 1205 1283 1254 14

185 1288 260 1354 hine
287 1296 468 1374 expectare,
500 1289 575 1356 hinc
606 1291 653 1356 ire
684 1291 860 1357 iubentium
894 1289 1105 1374 dissonaeque
1134 1311 1230 1357 voces

184 1413 341 1476 nusquam
364 1393 451 1459 idem
484 1402 580 1478 atque
613 1415 711 1460 unum
745 1395 942 1460 tendentium
972 1415 1037 1460 non
1067 1395 1230 1461 oculorum

184 1497 278 1562 modo
301 1517 404 1581 usum,
428 1499 597 1564 sedetiam
620 1499 743 1564 aurium
758 1499 965 1565 abstulerant.
989 1499 1039 1564 Ne
1062 1497 1095 1562 in
1115 1501 1227 1582 guber·
1250 1518 1281 1568 15

182 1601 347 1667 natoribus
370 1600 500 1684 quidem
527 1603 697 1686 quicquam
726 1603 797 1686 opis
821 1609 906 1668 erat:
931 1623 1063 1686 quorum
1095 1623 1229 1668 1166611-

184 1705 289 1770 audiri
318 1726 381 1771 vox
410 1727 430 1770 a
460 1707 729 1772 tumultuantibus
763 1712 889 1792 poterat
922 1727 982 1772 nec
1015 1707 1229 1792 imperiuma

183 1809 304 1875 territis
318 1811 600 1896 incompositisque
615 1811 743 1878 servari.
761 1812 847 1894 Ergo
864 1810 972 1876 collidi
985 1811 1068 1876 inter
1079 1831 1114 1877 se
1129 1832 1229 1879 naves
1249 1831 1281 1880 16

184 1913 427 1998 abstergerique
443 1915 582 1980 invicem
596 1916 676 1980 remi
691 1921 723 1981 et
745 1914 800 1980 alii
815 1915 948 1980 aliorum
965 1915 1096 2000 navigia
1114 1936 1228 1999 urgere

185 2025 368 2103 coeperunt
414 2017 570 2085 Crederes
593 2041 657 2084 non
684 2019 777 2084 unius
800 2019 959 2084 exercitus
987 2019 1122 2086 classem
1143 2019 1228 2100 vehi,

185 2119 244 2188 sed
281 2121 445 2206 [duorum]
485 2124 601 2190 navale
637 2125 737 2189 inisse
774 2129 946 2192 certamen.
992 2123 1231 2189 Incutiebantur
1250 2142 1282 2191 17

185 2227 347 2312 puppibus
376 2249 498 2312 prorae,
530 2227 754 2314 premebantur
776 2249 796 2292 a
826 2227 1041 2310 sequentibus,
1067 2227 1120 2312 qui
1143 2234 1228 2294 antc-

186 2329 337 2396 cedentes
359 2333 581 2398 turbaverant:
610 2331 804 2415 iurgantium
825 2331 872 2396 ira
902 2330 1110 2416 perveniebat
1133 2331 1229 2396 etiam

131 2433 393 2505 3661616166.-
422 2437 553 2520 Iamque
587 2443 695 2502 aestus
728 2442 812 2500 totos
835 2435 920 2499 eirea
948 2433 1066 2499 flumen
1096 2453 1227 2521 campos
1247 2451 1280 2503 18

185 2540 408 2621 inundaverat,
426 2541 558 2606 tumulis
584 2539 750 2606 dumtaxat
772 2538 983 2605 eminentibus
1006 2539 1093 2604 velut
1115 2539 1228 2604 insulis

185 2645 310 2730 parvis:
333 2645 366 2709 in
389 2665 469 2728 quos
499 2646 643 2731 plerique
665 2643 783 2728 trepidi
812 2643 938 2708 omissis
967 2643 1105 2726 navigiis
1131 2663 1226 2708 enare

184 2755 367 2832 properant.
413 2750 570 2834 Dispersa
602 2748 716 2813 classis
749 2747 864 2833 partim
897 2747 930 2810 in
964 2746 1109 2831 praealta
1141 2767 1225 2829 aqua
1248 2765 1280 2815 19

186 2853 302 2933 stabat,
319 2873 382 2935 qua
397 2853 609 2920 subsederant
625 2851 734 2933 valles,
757 2851 873 2936 partim
895 2851 929 2916 in
955 2849 1038 2916 vado
1062 2851 1228 2930 haerebat,

185 2961 355 3039 utcumque
371 2957 539 3040 inaequale
554 2963 657 3022 terrae
674 2955 837 3038 fastigium
854 2961 1087 3039 occupaverant
1103 2954 1226 3020 undae:

185 3081 257 3125 cum
295 3060 399 3126 subito
431 3080 534 3126 novus
568 3067 600 3125 ct
630 3059 763 3145 pristino
796 3058 897 3123 maior
929 3065 1031 3123 terror
1063 3058 1224 3127 incutitur.

184 3163 388 3248 Reciprocari
418 3166 523 3250 coepit
552 3186 648 3247 mare,
670 3184 785 3247 magno
815 3170 918 3228 tractu
948 3163 1040 3246 aquis
1070 3162 1103 3227 in
1133 3182 1226 3228 suum
1245 3181 1278 3229 20

185 3269 567 3350 fretumrecurrentibus,
581 3268 800 3351 reddebatque
822 3275 923 3332 terras
942 3267 1039 3352 paulo
1062 3273 1135 3332 ante
1158 3288 1226 3352 pro

185 3372 285 3438 fundo
308 3373 378 3438 salo
401 3393 533 3440 mersas.
564 3373 667 3456 Igitur
690 3369 844 3438 destituta
865 3371 998 3454 navigia
1020 3370 1084 3436 alia
1106 3371 1227 3456 pracci-

185 3476 328 3561 pitantur
349 3478 382 3542 in
409 3498 530 3563 proras,
564 3477 629 3543 alia
661 3479 694 3542 in
728 3479 828 3542 latera
860 3477 1081 3562 procumbunt.
1128 3474 1227 3542 Strati

185 3587 277 3647 erant
299 3583 402 3666 campi
426 3582 566 3663 sarcinis,
591 3583 696 3663 armis,
719 3583 901 3647 avulsarum
925 3581 1103 3645 tabularum
1125 3599 1223 3645 remo-

184 3705 317 3768 rumque
329 3686 524 3770 fragmentis.
542 3687 636 3752 Miles
652 3707 711 3751 nec
724 3684 834 3769 egredi
846 3685 878 3749 in
893 3692 1010 3750 terram
1022 3685 1125 3750 necin
1141 3704 1222 3749 nave
1242 3699 1274 3748 21

185 3789 358 3856 subsistere
373 3790 520 3873 audebat,
537 3790 710 3857 identidem
730 3791 951 3876 praesentibus
966 3789 1123 3873 graviora,
1140 3809 1223 3870 quae

1070 3912 1118 3965 18*
