2976 4322
270 210 331 274 18ss
661 211 692 276 e.
713 209 821 263 cunm
840 209 927 263 nuru

266 423 353 482 metu
382 437 505 501 poenae
537 415 621 482 haud
658 415 827 481 difficulter
860 415 902 482 ad
936 436 1024 480 arma
1058 413 1307 482 concitaverunt.

216 534 247 584 16
267 519 450 584 Alexander
479 520 715 603 transfugarum
746 519 926 585 defectione
957 525 1121 604 comperta
1141 517 1305 583 Craterum

263 623 408 688 obsidere
434 623 618 708 Cyropolim
648 623 746 690 iubet.
792 625 867 708 Ipse
899 623 995 688 aliam
1027 623 1137 689 urbem
1166 621 1309 705 regionis

262 727 405 793 eiusdem
439 748 558 793 corona
589 729 684 812 capit,
720 728 883 811 signoque,
915 735 950 792 ut
978 727 1114 813 puberes
1152 725 1307 793 interfice-

262 839 377 913 rentur,
410 833 485 898 dato
508 833 621 915 reliqui
644 833 676 898 in
706 832 859 916 praedam
887 853 1012 898 cessere
1036 832 1174 898 victoris.
1222 831 1307 896 Urbs

263 935 367 1000 diruta
390 943 446 1018 est,
479 944 513 1002 ut
536 939 633 1002 ceteri
657 937 758 1002 cladis
790 938 857 1002 eius
888 938 1036 1022 exemplo
1060 937 1305 1002 continerentur.

214 1055 244 1104 17
368 1042 555 1123 Memaceni,
572 1042 680 1108 valida
699 1062 789 1126 gens,
807 1041 1004 1107 obsidionem
1026 1061 1090 1106 non
1112 1049 1147 1108 ut
1169 1041 1307 1106 honesti-

265 1165 351 1210 orem
371 1145 476 1224 modo,
498 1146 556 1211 sed
578 1147 674 1211 etiam
689 1153 724 1210 ut
746 1146 892 1212 tutiorem
911 1145 995 1210 ferre
1016 1145 1240 1212 decreverant:
1264 1145 1306 1210 ad

265 1269 396 1331 quorum
419 1251 627 1336 pertinaciam
642 1249 851 1334 mitigandam
874 1271 931 1314 rex
948 1259 972 1312 L
996 1250 1117 1332 equites
1132 1249 1304 1334 praemisit,

265 1353 318 1435 qui
342 1354 543 1419 elementiam
567 1354 665 1438 ipsius
688 1353 721 1418 in
751 1353 876 1419 deditos
900 1354 1054 1435 simulque
1077 1353 1305 1419 inexorabilem

212 1470 245 1522 18
264 1458 403 1522 animum
425 1459 458 1522 in
490 1457 633 1524 devictos
665 1458 877 1527 ostenderent.
924 1457 975 1520 llli
1005 1477 1065 1522 nee
1096 1457 1137 1522 de
1159 1456 1222 1522 fide
1244 1479 1305 1523 nec

263 1561 303 1626 de
327 1563 472 1646 potentia
494 1563 580 1645 regis
603 1563 690 1647 ipsos
720 1561 865 1626 dubitare
895 1559 1089 1646 respondent
1119 1561 1304 1643 equitesque

261 1665 391 1731 tendere
409 1673 499 1731 extra
514 1667 708 1731 munimenta
722 1665 808 1738 urbis
823 1665 941 1746 iubent,
973 1663 1171 1749 hospitaliter
1187 1665 1304 1731 deinde

263 1777 415 1854 exceptos
446 1791 625 1854 gravesque
656 1771 758 1855 epulis
789 1777 820 1834 et
851 1789 970 1850 somno,
990 1769 1181 1855 intempesta
1209 1777 1303 1835 nocte

214 1886 246 1936 re
264 1873 376 1955 adorti,
400 1874 635 1940 interfecerunt.
660 1874 851 1955 Alexander,
875 1873 963 1938 haud
993 1894 1094 1956 secus,
1128 1895 1223 1957 quam
1245 1896 1304 1960 par

264 1986 340 2059 erat,
364 1986 477 2060 motus,
489 1979 599 2044 urbem
622 1999 739 2044 corona
754 1977 969 2059 circumdedit,
986 1978 1186 2044 munitiorem
1208 1999 1322 2068 quam·

263 2090 297 2146 ut
330 2083 431 2166 primo
466 2084 585 2168 impetu
623 2084 695 2168 capi
728 2090 846 2168 posset.
892 2084 1006 2164 Itaque
1040 2082 1237 2166 Meleagrum
1271 2091 1303 2148 et

264 2186 440 2252 Perdiccan
471 2188 504 2252 in
534 2187 697 2253 obsidione
727 2187 885 2269 relinquit,
916 2187 982 2272 ipa
1005 2186 1227 2272 prqieiscttur
1258 2189 1303 2251 ad

266 2289 448 2372 Cratercur,
475 2292 666 2377 Cyropolim,
697 2299 732 2356 ut
751 2299 824 2358 ante
855 2291 974 2356 dictum
1004 2298 1062 2372 est,
1094 2290 1300 2358 obsidentem.

210 2406 244 2455 2ο
263 2394 424 2460 Statuerat
447 2403 552 2460 autern
576 2416 708 2479 parcere
738 2396 808 2460 urbi
839 2395 984 2460 conditae
1007 2416 1027 2460 a
1051 2393 1152 2479 Oyro:
1184 2396 1301 2481 quippe

260 2520 323 2563 non
346 2500 441 2564 alium
472 2501 614 2584 gentium
644 2501 767 2565 illarum
798 2500 901 2583 magis
933 2499 1106 2565 admiratus
1136 2508 1184 2566 est
1207 2521 1302 2583 quam

261 2605 344 2668 hunc
368 2625 478 2686 regem
502 2612 534 2669 et
557 2603 755 2684 Samiramin,
789 2624 868 2686 quos
900 2611 932 2669 et
961 2604 1180 2687 magnitudine
1204 2605 1300 2670 animi

209 2715 294 2772 aret
318 2709 461 2773 claritate
491 2729 594 2774 rerum
624 2710 720 2791 longe
751 2708 917 2774 emicuisse
949 2708 1107 2774 credebat.
1155 2709 1300 2774 Ceterum

1317 519 1361 591 27

262 2813 437 2896 pertinacia
474 2813 703 2897 oppidanorum
748 2813 828 2878 iram
873 2814 940 2878 eius
985 2813 1146 2878 accendit:
1194 2814 1300 2896 itaque

262 2924 389 3000 captam
411 2919 521 2983 urbem
545 2917 638 3002 diripi
660 2917 759 2982 iussit.
794 2918 910 2982 Deleta
933 2939 981 2998 ea,
997 2918 1191 2983 Memacenis
1214 2917 1300 2983 haud

210 3028 242 3078 22
261 3021 374 3085 iniuria
397 3021 540 3102 infestus,
560 3021 602 3086 ad
625 3021 821 3104 Meleagrum
844 3029 875 3086 et
898 3021 1073 3086 Perdiccan
1095 3022 1186 3088 redit.
1235 3022 1299 3087 Sed

260 3145 323 3190 non
346 3126 410 3190 alia
432 3127 506 3191 urbs
530 3125 641 3191 fortius
657 3125 854 3191 obsidionem
876 3126 956 3206 tulit,
987 3126 1104 3210 quippe
1121 3134 1152 3191 et
1167 3127 1299 3192 militum

260 3231 485 3315 promptissimi
509 3230 654 3296 cecidere
678 3230 799 3314 etipse
823 3251 880 3294 rex
903 3230 945 3295 ad
968 3231 1110 3295 ultimum
1126 3231 1299 3316 periculum

259 3335 354 3400 venit.
400 3335 546 3416 Namque
570 3335 678 3400 cervix
701 3334 768 3401 cius
799 3355 877 3399 saxo
900 3335 945 3398 ita
967 3335 1031 3399 icta
1053 3341 1109 3415 cst,
1141 3342 1176 3400 ut
1199 3335 1298 3400 oeulis

258 3439 394 3521 caligine
419 3437 520 3503 offusa
555 3438 773 3519 collaberetur,
797 3459 838 3502 ne
861 3439 975 3504 mentis
998 3438 1125 3520 quidem
1147 3458 1295 3523 compos:

205 3549 239 3598 23
259 3543 416 3608 exercitus
441 3549 526 3607 certe
549 3544 636 3608 velut
667 3550 776 3627 erepto
803 3563 841 3607 eo
864 3542 1025 3625 ingemuit.
1073 3542 1138 3608 Sed
1161 3543 1296 3610 inuictus

258 3647 411 3712 adversus
442 3668 489 3727 ca,
525 3667 607 3728 quae
638 3654 760 3712 ceteros
793 3653 920 3728 terrent,
956 3647 1096 3712 nondum
1129 3655 1295 3734 percurato

259 3752 388 3816 vulnere
419 3751 523 3816 aerius
557 3750 713 3816 obsidioni
747 3749 868 3831 institit,
891 3752 1067 3816 naturalem
1101 3751 1295 3817 celeritatem

259 3855 306 3918 ira
336 3854 524 3920 concitante.
571 3853 724 3920 Cuniculo
755 3874 831 3937 ergo
862 3854 997 3920 suffossa
1026 3854 1152 3920 moenia
1181 3855 1294 3939 ingens
