3028 4322
425 203 675 258 nrsxoarnauru
693 163 908 256 1161111161
926 203 963 254 rv
982 203 1006 254 a.
1199 202 1241 266 43

201 412 394 477 concitatum
416 410 532 476 fluctus
564 411 648 476 ciere
680 417 711 476 et
738 411 821 476 inter
850 429 885 474 se
911 408 1045 492 navigia
1079 407 1239 474 collidere.

200 517 332 599 lamque
356 515 457 581 scindi
481 522 652 600 coeperunt
668 515 804 595 vincula,
830 513 943 597 quibus
960 534 1100 579 conexae
1116 512 1241 597 quadri-

201 642 304 687 remes
328 630 426 706 erant,
448 643 540 686 ruere
570 623 713 687 tabulata
742 629 773 686 et
804 640 877 685 oum
907 619 1028 703 ingenti
1060 619 1188 703 fragore
1212 619 1244 682 in

200 725 392 811 profundum
414 746 524 792 secum
547 724 662 790 milites
686 725 821 790 trahere.
856 723 970 807 Neque
994 723 1079 789 enim
1095 729 1241 789 conserta
1263 737 1295 786 18

202 830 331 914 navigia
352 833 418 895 ulla
441 851 501 915 ope
524 830 556 894 in
586 829 713 896 turbido
743 828 813 912 regi
844 835 1005 914 poterant:
1037 826 1129 893 miles
1152 828 1240 892 mini·

156 995 158 999 ,
200 935 296 1000 steria
310 941 486 1016 nautarum,
502 954 613 1000 remex
627 933 738 998 militis
756 932 863 998 officia
877 932 1033 1017 turbabat,
1050 939 1081 997 et
1098 969 1135 978 —
1154 932 1240 1015 quod

199 1039 230 1103 in
248 1037 402 1104 eiusmodi
420 1058 496 1104 casu
510 1037 627 1104 accidit
639 1037 786 1122 —periti
802 1035 923 1120 ignaris
935 1037 1105 1120 parebant:
1119 1035 1239 1122 quippe

200 1143 438 1226 gubernatores,
461 1143 541 1207 alias
556 1141 713 1226 imperare
730 1141 824 1222 soliti,
840 1148 907 1206 tum
923 1148 1009 1206 metu
1025 1141 1134 1205 mortis
1153 1140 1240 1206 iussa

200 1249 448 1330 exequebantur.
493 1246 637 1312 Tandem
666 1249 762 1312 remis
793 1245 986 1331 pertinacius
1018 1247 1239 1312 everberatum

200 1373 286 1417 mare
308 1353 405 1417 veluti
430 1351 637 1436 eripientibus
667 1350 797 1435 navigia
827 1350 969 1416 classicis
994 1349 1099 1430 cessit,
1130 1352 1238 1436 appul-

201 1476 300 1538 saque
323 1463 396 1520 sunt
418 1455 500 1520 litori
524 1458 663 1522 lacerata
684 1457 843 1540 pleraque.

150 1560 189 1629 lh
305 1559 413 1625 Isdem
443 1561 525 1626 forte
556 1560 668 1626 diebus
696 1558 1007 1643 Carthaginiensium
1037 1559 1136 1641 legati
1161 1569 1239 1622 XXX
1259 1574 1291 1624 19

200 1664 435 1748 superveniunt,
468 1665 571 1748 magis
601 1665 741 1730 obsessis
773 1664 927 1729 solacium
951 1683 1046 1746 quam
1068 1663 1238 1728 auxilium:

200 1768 319 1854 quippe
342 1767 517 1834 domestico
540 1770 625 1835 bello
641 1771 765 1834 Poenos
787 1767 934 1853 impediri
957 1788 1017 1833 nec
1033 1766 1073 1832 de
1095 1768 1237 1852 imperio,

200 1873 259 1938 sed
291 1894 349 1959 pro
382 1875 484 1938 salute
517 1873 668 1939 dimicare
702 1872 898 1939 nuntiabant.
945 1871 1137 1958 Syracusani
1171 1880 1239 1938 tum
1257 1888 1291 1939 20

199 1977 342 2042 Africam
379 1979 511 2044 urebant
549 1985 579 2043 et
615 1977 702 2042 haud
746 1979 857 2062 procul
894 1976 1096 2060 Carthaginis
1140 1978 1238 2042 muris

199 2083 382 2146 locaverant
412 2089 524 2147 eastra.
571 2083 645 2148 Non
673 2089 780 2146 tamen
815 2081 962 2147 defecere
995 2080 1109 2146 animis
1139 2081 1236 2165 Tyrii,

200 2206 392 2268 quamquam
413 2188 454 2252 ab
478 2186 600 2270 ingenti
631 2207 688 2272 spe
712 2186 854 2252 destituti
877 2193 974 2266 erant,
1005 2184 1063 2250 sed
1086 2185 1238 2269 coniuges

200 2289 381 2372 liberosque
405 2289 609 2356 devehendos
634 2289 859 2374 Carthaginem
881 2289 1088 2372 tradiderunt,
1118 2289 1238 2374 fortine,

200 2393 353 2476 quioquid
389 2394 558 2476 accideret,
597 2395 699 2480 laturi,
737 2393 764 2460 si
803 2394 999 2460 carissimam
1033 2395 1082 2459 sui
1115 2401 1238 2480 partem

201 2505 291 2563 extra
324 2505 442 2564 sortem
475 2500 608 2584 periculi
643 2499 819 2565 communis
852 2498 1047 2565 habuissent.
1095 2497 1237 2580 Cumque
1256 2515 1288 2564 21

201 2622 282 2667 unus
306 2624 323 2667 e
347 2603 470 2668 civibus
494 2603 527 2667 in
551 2605 696 2669 contione
718 2603 900 2685 indicasset,
925 2604 1064 2668 oblatam
1087 2622 1158 2668 6666
1181 2623 1239 2687 per

200 2726 344 2771 somnum
368 2707 428 2772 sibi
451 2707 592 2792 speciem
615 2707 783 2792 Apollinis,
815 2727 909 2790 quem
940 2706 1054 2772 eximia
1083 2707 1237 2790 religione

200 2812 351 2891 colerent,
374 2813 485 2877 urbem
508 2811 694 2892 deserentis,
717 2814 895 2894 molemque
918 2810 1182 2876 aMaoedonibus
1205 2812 1237 2876 in

200 2917 268 2980 6616
290 2915 405 2980 iactam
428 2915 460 2980 111
484 2917 662 2981 silvestrem
693 2919 808 2982 saltum
835 2937 906 2981 esse
931 2923 1098 2980 mutatam:
1131 2936 1236 2998 quam·
1255 2932 1288 2980 22

200 3039 293 3101 quam
324 3028 434 3084 auctor
463 3019 544 3084 levis
575 3027 651 3100 erat,
683 3028 799 3102 tamen,
833 3019 875 3085 ad
899 3020 1056 3085 deteriora
1079 3020 1238 3085 credenda

199 3123 291 3207 proni
313 3131 408 3205 metu,
432 3144 529 3188 aurea
551 3131 663 3188 catena
686 3123 858 3189 devinxere
875 3124 1077 3188 simulacrum
1100 3145 1237 3207 araeque

200 3227 357 3310 Herculis,
403 3228 493 3293 cuius
531 3227 651 3292 numini
688 3229 799 3294 urbem
839 3228 1031 3308 dicaverant,
1077 3227 1238 3294 inseruere

199 3331 370 3412 vinculum,
395 3330 485 3414 quasi
508 3332 563 3396 illo
587 3332 647 3396 deo
664 3331 847 3415 Apollinem
862 3340 1033 3396 retenturo.
1070 3331 1237 3415 Syracusis

199 3435 234 3500 id
256 3435 459 3501 simulacrum
490 3435 685 3502 devexerant
715 3436 814 3502 Poeni
845 3444 876 3500 et
906 3435 938 3499 111
969 3436 1125 3500 maiorum
1156 3439 1238 3502 loca-

200 3548 311 3605 verant
343 3541 447 3626 patria
480 3541 649 3623 multisque
684 3540 756 3606 aliis
790 3540 900 3625 spoliis
936 3541 1059 3605 urbium
1089 3562 1109 3605 a
1138 3549 1238 3605 semet

200 3651 363 3728 captarum
392 3665 456 3708 non
486 3643 712 3728 Carthaginem
740 3645 842 3728 magis
873 3665 968 3727 quam
998 3646 1119 3728 Tyrum
1150 3665 1238 3709 orna·

199 3755 319 3813 verant.
373 3748 504 3814 Sacrum
540 3769 676 3832 quoque,
713 3749 799 3831 quod
833 3749 981 3831 equidem
1019 3748 1068 3812 dis
1106 3748 1288 3816 6111161623

201 3850 290 3916 cordi
314 3872 386 3936 esse
409 3852 610 3936 crediderim,
635 3853 743 3918 multis
766 3853 902 3934 saeculis
925 3853 1137 3918 intermissum
1152 3875 1239 3938 repc-
