3028 4322
360 269 612 324 HISTORIARUM
630 269 846 323 ALEXANDRI
862 269 902 322 III
922 273 944 322 1.
964 273 987 321 2.
1173 269 1193 329 3

155 475 244 558 regis
267 475 401 541 fiducia:
433 477 551 562 quippe
575 477 656 542 serie
686 475 884 542 vinculorum
914 473 959 540 ita
988 475 1125 556 astricta,
1149 481 1192 555 ut,

155 579 242 646 unde
271 599 372 645 nexus
402 580 559 665 inciperet
589 600 693 662 quove
724 600 759 646 sc
789 581 951 664 conderet,
985 599 1045 644 nec
1073 579 1195 643 ratione

154 704 214 748 nec
247 683 320 748 visu
352 684 494 768 perspici
523 691 640 768 posset,
684 685 808 749 solvere
838 702 1012 767 aggressus
1041 683 1195 748 iniecerat

155 809 262 852 curam
286 788 326 866 ei,
341 808 381 852 ne
400 789 433 851 in
457 808 551 853 omen
573 794 749 854 verteretur
771 787 893 852 irritum
914 787 1084 872 inceptum.
1123 786 1193 868 llle,
1213 797 1246 848 18

154 911 357 974 nequaquam
380 892 435 956 diu
466 893 604 956 luctatus
636 913 708 957 cum
737 891 908 956 latentibus
933 890 1036 971 nodis,
1064 889 1192 971 ‘Nihil’,

154 996 265 1078 inquit,
294 997 447 1078 interest,
480 997 640 1080 quomodo
663 995 853 1078 solvantur',
892 997 1064 1080 gladioque
1094 995 1195 1080 ruptis

154 1099 301 1165 omnibus
324 1099 400 1165 loris
424 1101 543 1165 oraculi
567 1107 686 1166 sortem
708 1099 762 1166 vel
785 1100 880 1165 elusit
902 1100 955 1166 vel
977 1099 1130 1184 impleuit.

123 1201 144 1269 3
262 1203 342 1269 (lum
372 1204 488 1270 deinde
511 1204 662 1284 Dareum,
691 1205 883 1288 ubicumque
913 1211 1008 1283 esset,
1039 1223 1195 1288 occupare
1215 1215 1247 1265 19

158 1307 333 1390 statuisset,
367 1315 402 1373 ut
434 1330 453 1373 a
489 1315 582 1392 tergo
619 1315 687 1373 tuta
724 1309 927 1391 relinqueret,
964 1307 1195 1392 Amphoterum

156 1411 252 1477 classi
274 1413 317 1478 ad
340 1433 427 1478 oram
450 1409 664 1498 Hellesponti,
697 1413 796 1498 copiis
826 1420 933 1479 autem
955 1412 1111 1497 praefecit
1133 1413 1196 1477 He-

156 1516 336 1598 gelochum,
358 1518 498 1582 Lesbum
515 1523 547 1582 et
563 1516 677 1582 Chium
693 1517 856 1600 Coumque
871 1516 1040 1602 praesidiis
1055 1517 1195 1582 hostium

156 1621 353 1686 liberaturos.
401 1621 462 1686 His
492 1621 612 1686 talenta
641 1621 683 1686 ad
713 1621 789 1686 belli
823 1641 915 1687 usum
946 1621 1122 1704 quingenta
1151 1627 1196 1684 at-
1214 1633 1248 1682 20

156 1725 289 1790 tributa:
320 1725 362 1789 ad
385 1725 588 1810 Antipatrum
612 1733 643 1790 et
666 1745 730 1806 eos,
762 1727 816 1807 qui
839 1725 977 1792 Graecas
1007 1725 1102 1790 urbes
1132 1731 1197 1789 tue·

156 1832 281 1910 bantur,
320 1835 465 1895 sescenta
487 1831 600 1895 missa:
632 1851 673 1895 ex
695 1831 825 1896 foedere
855 1851 953 1897 naves
983 1832 1077 1896 sociis
1100 1831 1198 1915 impe

157 1941 255 2013 ratae,
290 1955 372 2016 quae
407 1934 615 2020 Hellesponto
649 1936 876 2020 praesiderent.
928 1936 1078 2000 Nondum
1112 1934 1197 2001 enim
1216 1948 1247 1998 21

157 2037 356 2104 Memnonem
381 2039 446 2104 vita
469 2040 648 2105 excessisse
679 2038 881 2122 cognoverat,
912 2040 945 2103 in
969 2061 1064 2123 quem
1087 2061 1197 2106 omnes

156 2141 334 2208 intenderat
357 2163 458 2224 curas,
490 2144 567 2210 satis
598 2165 726 2228 gnarus,
746 2152 859 2210 cuncta
889 2145 922 2209 in
946 2144 1100 2228 expedito
1117 2145 1195 2226 iore,

158 2247 184 2311 si
207 2247 287 2311 nihil
309 2247 349 2312 ab
374 2268 411 2313 eo
434 2256 623 2314 moveretur.

261 2351 392 2433 Iamque
415 2351 458 2416 ad
479 2353 591 2418 urbem
613 2353 774 2436 Ancyram
797 2362 925 2419 ventum
956 2361 1032 2435 erat,
1065 2355 1120 2420 ubi
1142 2376 1198 2419 nu·
1215 2364 1248 2413 22

158 2474 246 2518 mero
277 2455 438 2538 copiarum
468 2455 545 2520 inito
568 2457 822 2541 Paphlagoniam
851 2459 962 2522 intrat:
993 2456 1068 2523 huic
1097 2457 1197 2522 iuncti

159 2565 248 2622 erant
277 2559 402 2640 Heneti,
438 2558 524 2625 unde
555 2560 683 2643 quidam
713 2562 855 2626 Venetos
884 2561 1010 2627 trahere
1041 2562 1198 2644 originem

159 2661 301 2728 credunt.
348 2662 460 2728 Omnis
483 2663 562 2729 haec
592 2665 682 2748 regio
709 2666 813 2750 paruit
843 2667 922 2749 regi,
947 2667 1093 2748 datisque
1116 2667 1197 2731 cbsi-
1215 2675 1248 2724 23

159 2764 252 2831 dibus
275 2767 436 2850 tributum,
469 2767 555 2848 quod
577 2790 617 2833 ne
639 2769 747 2834 Persis
778 2770 907 2850 quidem
937 2770 1091 2850 tulissent,
1123 2791 1197 2855 pen-

159 2868 235 2935 dere
261 2891 302 2934 nc
324 2878 514 2954 cogerentur
539 2872 799 2957 impetraverunt.
847 2873 940 2939 02122
971 2873 1046 2939 huic
1074 2875 1196 2957 regioni
1216 2882 1249 2931 24

158 2975 359 3059 praepositus
397 2982 456 3056 est,
516 2975 586 3060 ipse
623 2978 804 3062 assumptis,
839 2979 893 3059 qui
933 2999 972 3042 ex
1010 2978 1197 3044 Macedonia

159 3099 260 3162 nuper
282 3079 486 3162 advenerant,
513 3079 747 3166 Cappadociam
769 3081 869 3166 petiit.

619 3273 684 3327 Gar.
705 3273 739 3326 11.
824 3281 828 3287 ’

126 3383 150 3453 4
266 3390 308 3455 At
330 3392 465 3473 Dareus,
486 3392 629 3457 nuntiata
651 3393 830 3458 Memnonis
852 3400 952 3458 morte
982 3393 1070 3459 haud
1093 3414 1196 3476 secus,
1235 3403 1247 3451 1

159 3513 254 3575 quam
270 3514 330 3578 par
352 3502 428 3575 erat,
453 3503 567 3577 motus,
591 3495 707 3561 omissa
731 3497 815 3560 omni
834 3498 895 3560 alia
918 3517 975 3582 spe
998 3499 1106 3562 statuit
1128 3498 1198 3582 ipse

160 3596 349 3663 decernere:
388 3601 507 3685 quippe
542 3619 623 3680 quac
658 3621 715 3684 per
753 3599 851 3665 duces
886 3621 960 3666 suos
994 3609 1065 3666 acta
1099 3610 1197 3682 erant,

159 3708 273 3765 cuncta
296 3701 473 3784 damnabat,
497 3711 583 3768 ratus
606 3704 749 3788 pluribus
773 3725 887 3785 curam,
911 3706 1056 3771 omnibus
1078 3701 1198 3771 afuisse

160 3804 329 3870 fortunam.
391 3807 494 3890 igitur
532 3809 644 3873 castris
681 3809 724 3872 ad
762 3809 928 3892 Babylona
965 3810 1087 3894 positis,
1135 3830 1198 3891 quo
1235 3823 1250 3870 2

159 3908 281 3974 maiore
314 3909 420 3975 animo
455 3919 659 3996 capesserent
689 3911 818 3992 bellum,
853 3912 1018 3978 uniuersas
1052 3913 1136 3978 vires
1166 3913 1198 3976 in

1064 4036 1094 4086 1*
