3040 4318
278 201 321 265 64
667 201 697 270 Q.
717 203 825 258 CURTI
843 204 930 258 RUFI

276 406 391 490 raptim
421 407 515 472 tectis
544 407 732 489 acervisque
763 407 914 472 frumenti
949 407 1124 472 iniecerant
1157 407 1311 488 flammas,

277 529 358 592 quac
388 530 459 574 cum
490 509 522 573 in
552 529 674 575 summo
702 508 890 592 haesissent,
922 511 964 575 ad
994 511 1148 575 inferiora
1173 509 1312 576 nondum

226 627 257 676 13
275 620 525 698 penetraverant.
572 615 720 680 Extincto
743 615 841 698 igitur
869 615 945 698 igne
968 614 1139 699 plurimum
1163 614 1312 681 frumenti

275 725 435 802 repertum
465 726 528 786 est:
564 719 656 803 copia
688 719 821 784 aliarum
856 739 981 802 quoque
1011 740 1118 784 rerum
1149 719 1311 785 abundare

275 828 455 906 coeperunt.
501 822 548 885 lta
571 841 622 887 res
644 822 714 907 ipsa
737 822 829 887 militi
851 822 893 887 ad
916 821 1172 907 persequendum
1187 822 1310 888 hostem

274 926 415 990 animum
438 926 593 991 incendit:
618 927 736 1011 quippe
758 934 871 992 urente
893 934 925 992 et
947 927 1117 1012 populante
1140 948 1178 993 eo
1194 934 1311 992 terram

225 1047 256 1097 14
274 1029 488 1095 festinandum
519 1037 596 1111 erat,
627 1052 667 1096 ne
698 1030 845 1096 incendio
876 1038 989 1096 cuneta
1019 1031 1228 1116 praeciperet.
1274 1031 1311 1096 ln

273 1134 428 1200 rationem
459 1155 536 1217 ergo
569 1135 744 1200 necessitas
773 1154 869 1201 versa
899 1142 965 1200 est:
1001 1135 1119 1220 quippe
1150 1135 1308 1216 Mazaeus,

274 1239 328 1321 qui
350 1247 443 1304 autea
465 1260 522 1324 per
545 1240 642 1304 otium
664 1239 752 1304 vicos
782 1238 976 1320 incenderat,
1007 1239 1073 1304 iam
1103 1239 1217 1323 fugere
1240 1260 1310 1304 con-

223 1362 254 1412 15
273 1351 377 1408 tentus
408 1343 560 1428 pleraque
576 1344 728 1408 inviolata
742 1343 826 1409 hosti
842 1343 978 1427 reliquit.
1017 1342 1202 1409 Alexander
1225 1343 1310 1408 haud

272 1447 398 1530 longius
433 1459 477 1512 GL
509 1448 621 1512 stadiis
655 1447 796 1512 Dareum
829 1469 847 1512 a
882 1466 917 1511 se
950 1446 1064 1512 abesse
1097 1455 1307 1532 compererat.

271 1552 392 1633 Itaque,
427 1549 469 1616 a'd
492 1551 671 1616 satietatem
709 1571 834 1633 quoque
868 1551 961 1636 copia
996 1559 1230 1616 commeatuum
1264 1552 1309 1616 in-

271 1662 417 1736 structus,
443 1655 620 1736 quadriduo
644 1655 677 1718 in
701 1654 814 1719 eodem
837 1654 907 1718 loeo
931 1653 1082 1720 substitit.
1155 1669 1160 1675 '

222 1781 253 1830 16
375 1760 575 1844 Interceptae
612 1758 729 1824 deinde
768 1759 864 1823 Darei
902 1759 1026 1823 litterae
1065 1765 1145 1840 sunt,
1192 1758 1308 1841 quibus

272 1863 386 1930 Graeci
409 1863 528 1930 nrilites
552 1863 810 1945 sollicitabantur,
835 1865 870 1926 ut
892 1883 1004 1945 regem
1026 1870 1081 1927 aut
1096 1861 1308 1927 interficerent

270 1978 325 2034 aut
348 1969 526 2054 proderent,
559 1968 791 2052 dubitavitque,
823 1990 864 2032 an
894 1987 949 2032 eas
979 1987 1036 2052 pro
1063 1967 1208 2032 contione
1230 1967 1308 2031 reoi-

269 2081 358 2156 taret,
392 2073 468 2138 satis
499 2072 634 2139 confisus
666 2070 859 2138 Graecorum
890 2091 1015 2154 quoque
1046 2091 1124 2155 erga
1154 2090 1189 2136 se
1220 2071 1306 2136 beni-

220 2199 250 2248 17
269 2177 426 2244 velentiae
456 2197 495 2240 ao
525 2176 608 2241 fidei.
656 2176 721 2241 Sed
751 2176 920 2240 Parmenio
951 2175 1112 2256 deterruit,
1144 2199 1207 2239 aon
1233 2194 1306 2240 esse

269 2281 385 2348 talibus
418 2280 586 2365 promissis
615 2280 802 2346 imbuendas
830 2300 924 2345 aures
955 2279 1090 2344 militurn
1123 2278 1304 2344 affirmans:

268 2395 378 2473 patere
389 2388 441 2452 vel
461 2386 553 2450 unius
569 2385 693 2450 insidiis
708 2406 827 2468 regem,
852 2383 930 2448 nihil
946 2383 1038 2449 nefas
1055 2405 1125 2450 esse
1137 2383 1301 2449 avaritiae.

220 2510 251 2560 18
272 2492 406 2557 Secutus
435 2490 557 2556 consilii
591 2497 752 2554 auctorem
787 2495 888 2553 castra
922 2488 1029 2552 movit.
1074 2488 1140 2552 lter
1173 2486 1303 2552 facienti
1318 2491 1360 2562 41

270 2595 370 2680 spado
387 2616 404 2660 e
421 2593 564 2678 captivis,
582 2593 635 2676 qui
652 2593 748 2658 Darei
764 2612 898 2657 uxorem
914 2588 1154 2675 comitabantur,
1170 2589 1308 2656 deficere

220 2720 250 2769 19
268 2721 339 2764 eam
361 2698 484 2763 nuntiat
513 2705 544 2762 et
575 2698 628 2761 vix
658 2696 804 2780 spiritum
834 2696 959 2761 ducere.
1009 2696 1136 2760 Itineris
1166 2695 1305 2760 continui

267 2808 375 2871 labore
408 2804 569 2888 animique
603 2802 805 2887 aegritudine
843 2802 991 2886 fatigata,
1016 2803 1100 2866 inter
1134 2821 1243 2866 socrus
1278 2808 1310 2866 et

267 2905 587 2998 virginumfiliarum
610 2927 722 2973 manus
747 2908 888 2991 collapsa
912 2915 988 2988 erat,
1021 2906 1137 2972 deinde
1161 2906 1308 2971 extincta.

215 3033 248 3082 20
266 3017 304 3081 Id
327 3016 432 3099 ipsum
455 3013 602 3077 nuntians
625 3011 706 3076 alius
731 3011 925 3095 supervenit.
964 3011 1004 3075 Et
1028 3031 1085 3076 rex
1104 3010 1190 3075 haud
1205 3029 1307 3091 secus,

266 3141 361 3205 quam
392 3118 420 3182 si
449 3116 589 3201 parentis
620 3135 705 3180 mors
739 3115 884 3180 nuntiata
918 3122 1012 3196 esset,
1045 3116 1174 3180 crebros
1207 3113 1308 3180 edidit

265 3224 404 3308 gemitus
426 3220 631 3302 lacrimisque
655 3221 783 3300 obortis,
814 3220 923 3302 quales
947 3219 1074 3284 Dareus
1097 3217 1305 3303 profudisset,

264 3331 296 3393 in
318 3325 567 3405 tabernaculum,
592 3324 624 3388 in
648 3345 710 3407 quo
733 3331 834 3388 mater
858 3331 927 3388 erat
950 3323 1059 3403 Darei,
1084 3321 1235 3388 defuneto
1258 3343 1307 3387 as-

213 3451 243 3499 21
266 3432 373 3498 sidens
397 3429 531 3514 corpori,
556 3427 651 3494 venit.
699 3428 760 3492 Hic
783 3448 859 3492 vero
889 3433 1060 3492 renovatus
1092 3433 1141 3492 est
1172 3446 1305 3507 maeror,

265 3545 299 3602 ut
321 3542 512 3621 prostratam
528 3531 617 3597 humi
632 3531 721 3596 vidit.
768 3532 901 3596 Recenti
922 3532 1003 3595 malo
1019 3531 1163 3614 priorum
1179 3551 1305 3613 quoque

265 3639 433 3720 admonita,
459 3643 623 3721 receperat
645 3636 677 3700 in
700 3635 857 3718 gremium
875 3634 999 3700 adultas
1015 3635 1163 3718 virgines,
1188 3655 1305 3717 magna

266 3743 395 3827 quidem
418 3741 517 3805 mutui
542 3739 660 3804 doloris
690 3738 818 3819 solacia,
852 3738 909 3804 sed
940 3739 1055 3821 quihus
1078 3740 1151 3823 ipsa
1174 3737 1305 3804 deberet

215 3866 248 3914 22
268 3867 339 3912 esse
362 3845 491 3911 solacio.
535 3844 573 3907 In
597 3849 769 3927 conspectu
800 3849 866 3907 erat
892 3861 992 3928 nepos
1014 3842 1175 3927 parvulus,
1206 3841 1247 3907 ob
1270 3840 1303 3905 id

1511 2149 1512 2200 l

1507 2215 1512 2258 l
