3040 4318
600 795 648 896 Q.
682 794 857 880 OURTI
897 798 1034 882 RUFI

693 968 945 1024 HISTORIARUM

417 1114 908 1217 ALEXANDRI
955 1117 1219 1222 MAGNI

663 1313 971 1380 Mucuuours

736 1473 846 1528 mene
864 1474 896 1526 v.

763 1620 828 1674 olo.
848 1622 868 1673 Ι.

263 1742 275 1790 1
401 1727 490 1806 Quae
515 1730 640 1795 interim
670 1731 766 1796 ductu
795 1731 991 1815 imperioque
1015 1731 1189 1797 Alexandri
1217 1733 1270 1798 vel
1300 1730 1368 1800 inl

296 1832 426 1900 Graecis
460 1835 511 1899 vel
546 1833 666 1918 Illyriis
699 1855 738 1898 ac
770 1834 928 1899 Thraecia
961 1843 1053 1918 gesta
1087 1843 1167 1917 sunt,
1207 1836 1234 1901 si
1268 1836 1333 1901 suis
1500 1911 1501 1920 ἵ

295 1959 439 2020 quaeque
476 1939 671 2023 temporibus
705 1939 838 2004 reddere
876 1939 1017 2020 voluero,
1055 1940 1333 2024 interrumpendae

260 2049 367 2107 nsunt
389 2062 440 2107 res
463 2041 568 2123 Asiae,
594 2063 672 2124 quas
695 2043 803 2124 utiquc
826 2042 868 2106 ad
891 2043 1001 2126 fugam
1023 2050 1219 2126 mortemque
1235 2043 1333 2108 Darei

294 2146 458 2211 universas
481 2146 513 2210 in
537 2153 742 2230 conspectum
758 2146 827 2210 dari
843 2153 882 2227 et,
908 2145 990 2211 sicut
1004 2147 1086 2212 inter
1101 2167 1135 2212 sc
1152 2146 1331 2228 cohaerent,

294 2250 339 2314 ita
362 2270 459 2334 opere
481 2249 552 2334 ipso
575 2250 725 2333 coniungi
747 2249 833 2315 haud
856 2250 950 2334 paulo
973 2251 1078 2334 aptius
1094 2250 1195 2316 videri
1217 2259 1331 2335 potest.
1500 2255 1501 2260 ’

293 2353 403 2436 Igitur,
429 2374 510 2436 quae
533 2353 654 2438 proelio
676 2351 763 2438 apud
786 2352 905 2417 Arbela
928 2353 1095 2418 coniuncta
1118 2361 1198 2434 sunt,
1228 2354 1333 2419 ordiar

293 2456 410 2522 dicere.

259 2570 275 2620 3
397 2562 522 2626 Dareus
549 2561 654 2626 media
685 2560 751 2625 ferc
781 2566 874 2624 nocte
904 2558 1023 2623 Arbela
1053 2567 1249 2642 pervenerat,
1282 2581 1332 2624 eo-

294 2664 429 2746 demque
453 2686 589 2747 magnac
612 2664 711 2749 partis
734 2663 906 2728 amicorum
930 2663 997 2728 cius
1017 2684 1055 2728 ao
1070 2663 1205 2728 militum
1220 2662 1330 2746 fugam
1500 2711 1501 2756 ,

258 2766 418 2832 tfortuna
449 2769 653 2852 compulerat.
701 2767 823 2843 Quibus
857 2766 1038 2831 convocatis
1073 2766 1212 2850 exponit,
1245 2766 1331 2831 haud
1500 2763 1501 2842 ξ

293 2871 439 2937 dubitare
462 2892 506 2953 se,
539 2872 613 2954 quin
637 2870 821 2935 Alexander
851 2870 1075 2935 celeberrimas
1105 2871 1200 2935 urbes
1223 2890 1331 2953 agros-

293 2996 353 3057 que
392 2977 477 3041 omni
523 2977 615 3060 copia
659 2999 763 3042 rerum
801 2979 998 3044 abundantes
1035 2979 1190 3063 petiturus
1229 2986 1328 3044 osset:
1500 2971 1501 3060 l

292 3081 444 3163 praedam
482 3081 622 3165 opimam
660 3089 865 3165 paratamque
903 3083 1008 3168 ipsum
1046 3090 1077 3147 ct
1110 3083 1228 3146 milites
1262 3082 1329 3146 cius
1500 3063 1501 3132 l

257 3192 447 3269 aspectare.
483 3185 521 3248 ld
545 3186 610 3250 suis
633 3187 728 3250 rebus
750 3187 808 3250 tali
831 3187 863 3250 in
886 3194 971 3251 statu
994 3187 1087 3252 saluti
1110 3186 1186 3266 fore,
1212 3186 1330 3271 quippe

292 3308 327 3353 sc
350 3289 477 3353 deserta
500 3310 571 3353 oum
596 3290 746 3374 expedita
769 3311 865 3354 manu
888 3290 1068 3374 petiturum.
1105 3289 1224 3354 Ultima
1239 3289 1329 3372 regni

292 3393 341 3458 sui
370 3392 476 3458 adhuc
506 3393 626 3457 intacta
656 3414 736 3476 esse,
772 3394 846 3459 inde
879 3394 965 3459 bello
999 3394 1084 3458 vires
1114 3393 1201 3458 haud
1231 3414 1328 3477 aegre
1500 3447 1501 3460 ,

257 3503 521 3581 oreparaturum.
567 3497 744 3581 Occuparet
774 3517 851 3562 sane
882 3519 996 3580 gazam
1029 3496 1217 3568 avidissima
1249 3517 1328 3580 gens

292 3608 323 3666 et
347 3623 387 3666 ex
409 3601 507 3685 longa
531 3601 615 3666 fame
641 3601 771 3667 satiaret
795 3622 829 3666 se
851 3623 937 3683 auro,
962 3621 1037 3665 mox
1060 3600 1166 3665 futura
1188 3601 1327 3685 praedae

291 3705 367 3769 sibi:
391 3725 451 3769 usu
474 3705 625 3770 didicisse
642 3725 686 3786 se,
706 3705 877 3790 pretiosam
900 3704 1129 3790 supellectilem
1145 3703 1326 3788 pelicesque

292 3815 323 3872 et
346 3805 521 3894 spadonum
545 3807 675 3891 agmina
704 3806 783 3871 nihil
809 3807 897 3872 aliud
926 3806 1026 3872 fuisse
1057 3828 1152 3888 quam
1176 3827 1272 3872 onera
1295 3813 1327 3871 et
