2976 4322
274 191 335 256 178
661 191 692 258 o.
713 190 822 246 cuam
841 190 928 245 auur

221 417 254 464 27
273 398 390 482 pabulo
414 397 539 462 cedunt.
585 397 735 479 Magnam
758 396 873 462 deinde
899 405 1022 481 partem
1045 396 1187 463 eiusdem
1209 405 1321 464 terrae

276 502 400 567 steriles
435 501 574 567 harenae
612 509 737 566 tenent:
776 501 922 583 squalida
957 501 1099 567 siccitate
1132 501 1222 585 regio
1256 525 1324 568 non

274 605 446 686 hominem,
479 626 540 670 non
567 605 693 688 frugem
716 606 780 670 alit.
827 605 906 670 Cum
929 625 1005 671 vero
1035 607 1121 672 venti
1144 627 1164 671 a
1186 607 1322 673 Pontico

274 710 356 774 mari
381 710 509 794 spirant,
542 710 691 793 quicquid
722 710 824 774 sabuli
854 710 886 773 in
916 710 1037 794 campis
1067 710 1160 792 iacet,
1192 732 1323 776 conver-

275 823 364 879 runt:
390 815 475 898 quod
498 816 552 880 ubi
568 816 759 880 cumulatum
783 821 840 895 est,
863 835 1050 896 magnorum
1066 815 1192 880 collium
1207 819 1319 902 procul

274 918 397 1002 species
421 927 478 1001 est,
507 919 674 1002 omniaque
696 919 819 1003 pristini
842 919 963 983 itineris
986 919 1125 1001 vestigia
1147 919 1317 986 intereunt.

220 1039 254 1090 28
273 1023 385 1105 Itaque
409 1024 461 1106 qui
491 1031 654 1089 transcunt
684 1044 822 1108 campos
854 1023 1074 1106 navigantium
1104 1023 1199 1088 modo
1222 1032 1319 1090 noctu

272 1126 377 1192 sidera
400 1130 577 1209 observant,
620 1127 663 1192 ad
693 1148 824 1210 quorum
855 1147 980 1192 cursum
1010 1126 1070 1192 iter
1100 1127 1256 1210 dirigunt:
1287 1137 1319 1194 et

221 1247 254 1304 29
271 1232 500 1316 propemodum
523 1232 637 1296 clarior
659 1238 707 1296 est
736 1231 838 1296 noctis
875 1232 994 1296 umbra
1017 1251 1110 1314 quam
1134 1233 1188 1296 lux
1213 1229 1319 1318 [zergo

271 1337 408 1401 interdiu
438 1337 524 1401 invia
553 1343 602 1401 est
631 1337 729 1418 regio,
762 1335 835 1418 quia
860 1357 920 1400 nec
944 1335 1123 1418 vestigium,
1157 1337 1243 1419 quod
1273 1359 1319 1402 se-

272 1448 415 1523 quantur,
439 1441 602 1506 inveniunt
624 1449 655 1506 et
678 1441 759 1504 nitor
774 1439 912 1505 siderum
928 1440 1064 1524 caligine
1080 1441 1315 1525 absconditurt.

273 1544 420 1610 Getarum
444 1547 470 1610 si
501 1565 580 1628 quos
612 1545 665 1610 1111
688 1551 810 1625 ventus,
843 1545 896 1626 qui
926 1566 946 1608 a
975 1545 1054 1608 mari
1084 1546 1231 1627 exoritur,
1265 1546 1317 1612 de-

220 1664 254 1712 30
271 1649 448 1733 prehendit,
490 1650 616 1714 harena
651 1649 761 1714 obruit.
810 1648 875 1714 Sed
908 1668 971 1730 qua
1003 1649 1109 1714 mitior
1141 1655 1225 1715 terra
1258 1658 1315 1732 est,

271 1754 384 1837 ingens
412 1754 573 1818 hominum
590 1773 804 1836 equorumque
819 1752 985 1830 multitudo
1009 1753 1158 1835 gignitur.
1205 1755 1317 1837 Itaque

220 1872 253 1922 31
273 1857 433 1922 Bactriani
463 1857 584 1939 equites
607 1867 682 1919 XXX
711 1857 798 1920 milia
829 1858 1044 1941 expleverant.
1091 1857 1167 1942 Ipsa
1189 1857 1314 1939 Bactra,

271 1962 409 2044 regionis
444 1962 511 2027 eius
543 1969 648 2046 caput,
680 1962 741 2026 sita
770 1967 843 2026 sunt
872 1961 930 2026 sub
960 1969 1067 2026 monte
1097 1963 1313 2047 Parapamiso.

272 2067 405 2131 Bactrus
439 2065 540 2131 amnis
574 2066 725 2150 praeterit
757 2065 891 2129 moenia.
945 2065 977 2130 Is
1014 2065 1084 2130 urbi
1122 2073 1153 2130 et
1190 2067 1313 2150 regioni

271 2169 359 2234 dedit
380 2191 503 2235 nomen.

221 2295 254 2343 32
377 2274 438 2338 Hic
475 2274 544 2357 regi
582 2274 698 2339 stativa
735 2271 864 2337 habenti
901 2273 1062 2337 nuntiatur
1099 2295 1139 2338 cx
1178 2273 1312 2340 Graecia
1327 2276 1363 2348 19

272 2378 576 2462 Peloponnesiorum
600 2379 823 2459 Laconumque
847 2376 1047 2441 defectio-
1071 2377 1210 2442 nondum
1232 2379 1315 2443 enim

272 2481 349 2546 victi
374 2489 473 2563 erant,
506 2502 577 2546 cum
601 2481 874 2567 proficiscerentur
896 2481 1047 2545 tumultus
1071 2481 1138 2546 eius
1160 2482 1316 2568 principia

273 2586 443 2650 nuntiaturi
469 2624 508 2634 —
533 2593 564 2651 et
587 2586 667 2650 alius
691 2605 843 2669 praesens
866 2591 966 2650 terror
999 2584 1137 2666 affertur,
1166 2585 1313 2670 Scythas,

273 2691 327 2772 qui
351 2692 434 2755 ultra
458 2690 592 2755 Tanaim
604 2711 729 2754 amnem
753 2691 866 2770 colunt,
891 2689 1075 2771 adventare,
1092 2690 1191 2755 Besso
1214 2690 1315 2755 feren-

272 2801 321 2859 tes
358 2815 460 2879 opem.
515 2793 636 2859 Eodem
670 2801 821 2878 tempore,
858 2813 939 2876 quae
972 2793 1005 2857 in
1039 2800 1135 2876 gente
1168 2793 1314 2859 Ariorum

220 2917 253 2966 33
276 2899 417 2963 Caranus
441 2906 473 2963 et
496 2898 646 2982 Erigyius
663 2904 836 2980 gesserant,
861 2896 1068 2981 perferuntur.
1105 2897 1313 2964 Commissum

275 3011 342 3067 erat
381 3003 534 3086 proelium
573 3002 653 3066 inter
690 3000 884 3066 Macedonas
921 3001 1086 3084 Ariosque.
1132 3001 1314 3084 Transfuga

274 3105 496 3171 Satibarzanes
520 3105 663 3170 barbaris
685 3112 847 3189 praeerat:
872 3105 924 3186 qui
940 3125 1011 3169 eum
1027 3126 1166 3188 pugnam
1182 3125 1313 3189 segnem

273 3211 429 3293 utrimque
452 3211 562 3293 aequis
584 3210 703 3275 viribus
727 3217 812 3275 stare
835 3208 974 3290 vidisset,
999 3209 1031 3273 in
1053 3209 1171 3294 primos
1187 3209 1312 3275 ordines

273 3315 471 3397 adequitavit
494 3314 686 3399 demptaque
709 3315 804 3397 galea
819 3313 970 3394 inhibitis,
996 3314 1048 3396 qui
1063 3315 1129 3378 1111
1143 3314 1311 3394 iaciebant,

274 3421 299 3484 si
324 3419 393 3502 quis
417 3419 534 3484 viritim
566 3417 716 3482 dimicare
739 3419 844 3498 vellet,
876 3418 1062 3501 provocavit
1091 3417 1133 3483 ad
1155 3439 1311 3502 pugnam:

220 3547 254 3598 34
271 3523 390 3588 nudum
424 3543 458 3588 se
492 3529 588 3607 caput
621 3521 654 3584 in
688 3521 858 3586 certamine
893 3519 1083 3586 habiturum.
1136 3521 1209 3587 Non
1241 3521 1313 3587 tulit

270 3627 424 3694 ferociam
446 3626 573 3692 barbari
604 3625 693 3690 ducis
717 3625 877 3709 Erigyius,
908 3625 1014 3708 gravis
1046 3625 1173 3708 quidem
1196 3633 1310 3706 aetate,

273 3732 331 3797 sed
361 3738 392 3796 et
423 3730 518 3796 animi
549 3739 581 3795 et
615 3729 755 3815 corporis
789 3731 902 3795 robore
935 3729 1012 3794 nulli
1045 3730 1194 3795 iuvenum
1227 3737 1312 3815 post-

270 3835 431 3902 ferendos.
479 3836 510 3900 Is
533 3835 627 3918 galea
650 3834 781 3919 dempta
803 3834 951 3899 canitiem
978 3841 1149 3916 ostentans,
1177 3834 1310 3917 ‘Venit',
