<?xml version="1.0" encoding="UTF-8"?>
<!DOCTYPE html PUBLIC "-//W3C//DTD XHTML 1.0 Transitional//EN"
    "http://www.w3.org/TR/xhtml1/DTD/xhtml1-transitional.dtd">
<html xmlns="http://www.w3.org/1999/xhtml" xml:lang="en" lang="en">
 <head>
  <title>
</title>
<meta http-equiv="Content-Type" content="text/html;charset=utf-8" />
  <meta name='ocr-system' content='tesseract 3.04.00' />
  <meta name='ocr-capabilities' content='ocr_page ocr_carea ocr_par ocr_line ocrx_word'/>
</head>
<body>
  <div class='ocr_page' id='page_1' title='image "./qcurtirufihisto00stangoog_0072.png"; bbox 0 0 3028 4322; ppageno 0'>
   <div class='ocr_carea' id='block_1_1' title="bbox 463 146 1276 214">
    <p class='ocr_par' dir='ltr' id='par_1_1' title="bbox 463 146 1276 214">
     <span class='ocr_line' id='line_1_1' title="bbox 463 146 1276 214; baseline 0.001 -14"><span class='ocrx_word' id='word_1_1' title='bbox 463 147 716 201; x_wconf 82' lang='lat' dir='ltr'>H1STOR1AR11M</span> <span class='ocrx_word' id='word_1_2' title='bbox 733 146 949 200; x_wconf 82' lang='lat' dir='ltr'><strong>ALEXANDRI</strong></span> <span class='ocrx_word' id='word_1_3' title='bbox 967 148 1006 202; x_wconf 83' lang='lat'>111</span> <span class='ocrx_word' id='word_1_4' title='bbox 1024 151 1048 201; x_wconf 81' lang='lat'>2.</span> <span class='ocrx_word' id='word_1_5' title='bbox 1236 150 1276 214; x_wconf 85' lang='grc'>39</span> 
     </span>
    </p>
   </div>
   <div class='ocr_carea' id='block_1_2' title="bbox 175 351 1329 3887">
    <p class='ocr_par' dir='ltr' id='par_1_2' title="bbox 175 351 1329 3887">
     <span class='ocr_line' id='line_1_2' title="bbox 232 351 1273 439; baseline 0.003 -22"><span class='ocrx_word' id='word_1_6' title='bbox 232 353 308 418; x_wconf 88' lang='lat' dir='ltr'>flatu</span> <span class='ocrx_word' id='word_1_7' title='bbox 331 354 553 435; x_wconf 75' lang='lat' dir='ltr'>accenderent,</span> <span class='ocrx_word' id='word_1_8' title='bbox 579 351 745 435; x_wconf 86' lang='lat' dir='ltr'>sanguinis</span> <span class='ocrx_word' id='word_1_9' title='bbox 769 352 829 418; x_wconf 87' lang='lat' dir='ltr'>rivi</span> <span class='ocrx_word' id='word_1_10' title='bbox 853 353 913 419; x_wconf 88' lang='lat' dir='ltr'>sub</span> <span class='ocrx_word' id='word_1_11' title='bbox 935 353 1013 439; x_wconf 85' lang='lat' dir='ltr'>ipsis</span> <span class='ocrx_word' id='word_1_12' title='bbox 1036 353 1173 421; x_wconf 86' lang='lat' dir='ltr'>flammis</span> <span class='ocrx_word' id='word_1_13' title='bbox 1195 357 1273 420; x_wconf 87' lang='lat' dir='ltr'>exti-</span> 
     </span>
     <span class='ocr_line' id='line_1_3' title="bbox 233 456 1276 541; baseline 0.003 -19"><span class='ocrx_word' id='word_1_14' title='bbox 233 458 308 523; x_wconf 89' lang='lat' dir='ltr'>tisse</span> <span class='ocrx_word' id='word_1_15' title='bbox 343 459 500 539; x_wconf 89' lang='lat' dir='ltr'>dicuntur,</span> <span class='ocrx_word' id='word_1_16' title='bbox 541 456 638 541; x_wconf 88' lang='lat' dir='ltr'>idque</span> <span class='ocrx_word' id='word_1_17' title='bbox 673 477 766 523; x_wconf 89' lang='lat' dir='ltr'>omen</span> <span class='ocrx_word' id='word_1_18' title='bbox 800 456 832 520; x_wconf 93' lang='lat' dir='ltr'>in</span> <span class='ocrx_word' id='word_1_19' title='bbox 866 457 1078 523; x_wconf 79' lang='lat' dir='ltr'>Macedonum</span> <span class='ocrx_word' id='word_1_20' title='bbox 1113 459 1276 525; x_wconf 90' lang='lat' dir='ltr'>interitum</span> 
     </span>
     <span class='ocr_line' id='line_1_4' title="bbox 231 561 1329 648; baseline -0.001 -20"><span class='ocrx_word' id='word_1_21' title='bbox 231 570 391 629; x_wconf 87' lang='lat' dir='ltr'>verterant</span> <span class='ocrx_word' id='word_1_22' title='bbox 414 563 512 648; x_wconf 87' lang='lat' dir='ltr'>Tyrii.</span> <span class='ocrx_word' id='word_1_23' title='bbox 564 562 661 647; x_wconf 85' lang='lat' dir='ltr'><strong>Apud</strong></span> <span class='ocrx_word' id='word_1_24' title='bbox 695 561 888 628; x_wconf 87' lang='lat' dir='ltr'>Macedonas</span> <span class='ocrx_word' id='word_1_25' title='bbox 927 583 1054 647; x_wconf 90' lang='lat' dir='ltr'>quoque</span> <span class='ocrx_word' id='word_1_26' title='bbox 1088 585 1160 630; x_wconf 89' lang='lat' dir='ltr'>cum</span> <span class='ocrx_word' id='word_1_27' title='bbox 1194 564 1277 630; x_wconf 87' lang='lat' dir='ltr'>forte</span> <span class='ocrx_word' id='word_1_28' title='bbox 1297 579 1329 628; x_wconf 84' lang='lat'>14</span> 
     </span>
     <span class='ocr_line' id='line_1_5' title="bbox 231 667 1276 752; baseline 0.002 -19"><span class='ocrx_word' id='word_1_29' title='bbox 231 689 350 752; x_wconf 89' lang='lat' dir='ltr'>panem</span> <span class='ocrx_word' id='word_1_30' title='bbox 375 667 504 750; x_wconf 91' lang='lat' dir='ltr'>quidam</span> <span class='ocrx_word' id='word_1_31' title='bbox 535 667 672 732; x_wconf 89' lang='lat' dir='ltr'>militum</span> <span class='ocrx_word' id='word_1_32' title='bbox 702 667 897 749; x_wconf 82' lang='lat' dir='ltr'>frangerent,</span> <span class='ocrx_word' id='word_1_33' title='bbox 929 669 1088 734; x_wconf 88' lang='lat' dir='ltr'>manantis</span> <span class='ocrx_word' id='word_1_34' title='bbox 1112 669 1276 752; x_wconf 81' lang='lat' dir='ltr'>sanguinis</span> 
     </span>
     <span class='ocr_line' id='line_1_6' title="bbox 231 771 1276 859; baseline 0.002 -21"><span class='ocrx_word' id='word_1_35' title='bbox 231 781 341 856; x_wconf 91' lang='lat' dir='ltr'>guttas</span> <span class='ocrx_word' id='word_1_36' title='bbox 372 778 576 852; x_wconf 85' lang='lat' dir='ltr'>notaverunt,</span> <span class='ocrx_word' id='word_1_37' title='bbox 610 771 784 853; x_wconf 87' lang='lat' dir='ltr'>territoque</span> <span class='ocrx_word' id='word_1_38' title='bbox 814 791 891 854; x_wconf 88' lang='lat' dir='ltr'>rege</span> <span class='ocrx_word' id='word_1_39' title='bbox 921 771 1121 853; x_wconf 85' lang='lat' dir='ltr'>Aristander,</span> <span class='ocrx_word' id='word_1_40' title='bbox 1154 773 1276 859; x_wconf 90' lang='lat' dir='ltr'>peritis-</span> 
     </span>
     <span class='ocr_line' id='line_1_7' title="bbox 231 879 1274 962; baseline 0.004 -18"><span class='ocrx_word' id='word_1_41' title='bbox 231 879 331 945; x_wconf 87' lang='lat' dir='ltr'>simus</span> <span class='ocrx_word' id='word_1_42' title='bbox 354 887 473 962; x_wconf 88' lang='lat' dir='ltr'>vatum,</span> <span class='ocrx_word' id='word_1_43' title='bbox 499 880 524 946; x_wconf 90' lang='lat' dir='ltr'>si</span> <span class='ocrx_word' id='word_1_44' title='bbox 542 879 740 944; x_wconf 86' lang='lat' dir='ltr'>extrinsecus</span> <span class='ocrx_word' id='word_1_45' title='bbox 756 898 848 945; x_wconf 89' lang='lat' dir='ltr'>cruor</span> <span class='ocrx_word' id='word_1_46' title='bbox 863 879 1020 962; x_wconf 88' lang='lat' dir='ltr'>fluxisset,</span> <span class='ocrx_word' id='word_1_47' title='bbox 1044 881 1274 948; x_wconf 82' lang='lat' dir='ltr'>Macedonibus</span> 
     </span>
     <span class='ocr_line' id='line_1_8' title="bbox 230 983 1273 1071; baseline 0.004 -25"><span class='ocrx_word' id='word_1_48' title='bbox 230 983 262 1047; x_wconf 94' lang='lat' dir='ltr'>id</span> <span class='ocrx_word' id='word_1_49' title='bbox 295 983 386 1048; x_wconf 90' lang='lat' dir='ltr'>triste</span> <span class='ocrx_word' id='word_1_50' title='bbox 417 983 558 1048; x_wconf 87' lang='lat' dir='ltr'>futurum</span> <span class='ocrx_word' id='word_1_51' title='bbox 588 983 649 1048; x_wconf 90' lang='lat' dir='ltr'>ait:</span> <span class='ocrx_word' id='word_1_52' title='bbox 681 991 792 1048; x_wconf 89' lang='lat' dir='ltr'>contra</span> <span class='ocrx_word' id='word_1_53' title='bbox 833 1004 905 1048; x_wconf 89' lang='lat' dir='ltr'>cum</span> <span class='ocrx_word' id='word_1_54' title='bbox 936 1005 976 1049; x_wconf 88' lang='lat' dir='ltr'>ex</span> <span class='ocrx_word' id='word_1_55' title='bbox 1005 985 1154 1050; x_wconf 88' lang='lat' dir='ltr'>interiore</span> <span class='ocrx_word' id='word_1_56' title='bbox 1184 994 1273 1071; x_wconf 87' lang='lat' dir='ltr'>parte</span> 
     </span>
     <span class='ocr_line' id='line_1_9' title="bbox 230 1087 1272 1172; baseline 0.002 -20"><span class='ocrx_word' id='word_1_57' title='bbox 230 1089 419 1170; x_wconf 81' lang='lat' dir='ltr'>manaverit,</span> <span class='ocrx_word' id='word_1_58' title='bbox 453 1089 534 1170; x_wconf 90' lang='lat' dir='ltr'>urbi,</span> <span class='ocrx_word' id='word_1_59' title='bbox 570 1108 666 1172; x_wconf 89' lang='lat' dir='ltr'>quam</span> <span class='ocrx_word' id='word_1_60' title='bbox 700 1088 849 1154; x_wconf 90' lang='lat' dir='ltr'>obsidere</span> <span class='ocrx_word' id='word_1_61' title='bbox 882 1087 1105 1171; x_wconf 88' lang='lat' dir='ltr'>destinassent,</span> <span class='ocrx_word' id='word_1_62' title='bbox 1141 1091 1272 1156; x_wconf 87' lang='lat' dir='ltr'>exitium</span> 
     </span>
     <span class='ocr_line' id='line_1_10' title="bbox 230 1193 1326 1289; baseline 0.002 -29"><span class='ocrx_word' id='word_1_63' title='bbox 230 1194 432 1278; x_wconf 89' lang='lat' dir='ltr'>portendere.</span> <span class='ocrx_word' id='word_1_64' title='bbox 478 1193 663 1289; x_wconf 67' lang='lat' dir='ltr'>Alexander</span> <span class='ocrx_word' id='word_1_65' title='bbox 694 1213 765 1258; x_wconf 92' lang='lat' dir='ltr'>oum</span> <span class='ocrx_word' id='word_1_66' title='bbox 789 1201 821 1258; x_wconf 90' lang='lat' dir='ltr'>et</span> <span class='ocrx_word' id='word_1_67' title='bbox 843 1195 980 1259; x_wconf 87' lang='lat' dir='ltr'>classem</span> <span class='ocrx_word' id='word_1_68' title='bbox 1007 1195 1120 1279; x_wconf 87' lang='lat' dir='ltr'>procul</span> <span class='ocrx_word' id='word_1_69' title='bbox 1142 1195 1275 1261; x_wconf 90' lang='lat' dir='ltr'>haberet</span> <span class='ocrx_word' id='word_1_70' title='bbox 1294 1212 1326 1262; x_wconf 85' lang='lat'>15</span> 
     </span>
     <span class='ocr_line' id='line_1_11' title="bbox 230 1298 1273 1385; baseline 0.002 -21"><span class='ocrx_word' id='word_1_71' title='bbox 230 1307 262 1364; x_wconf 90' lang='lat' dir='ltr'>et</span> <span class='ocrx_word' id='word_1_72' title='bbox 286 1299 415 1382; x_wconf 88' lang='lat' dir='ltr'>longam</span> <span class='ocrx_word' id='word_1_73' title='bbox 435 1299 635 1365; x_wconf 90' lang='lat' dir='ltr'>obsidionem</span> <span class='ocrx_word' id='word_1_74' title='bbox 657 1319 775 1382; x_wconf 89' lang='lat' dir='ltr'>magno</span> <span class='ocrx_word' id='word_1_75' title='bbox 791 1298 852 1364; x_wconf 92' lang='lat' dir='ltr'>sibi</span> <span class='ocrx_word' id='word_1_76' title='bbox 867 1298 910 1363; x_wconf 87' lang='lat' dir='ltr'>ad</span> <span class='ocrx_word' id='word_1_77' title='bbox 925 1305 1031 1364; x_wconf 87' lang='lat' dir='ltr'>cetera</span> <span class='ocrx_word' id='word_1_78' title='bbox 1045 1299 1273 1385; x_wconf 89' lang='lat' dir='ltr'>impedimento</span> 
     </span>
     <span class='ocr_line' id='line_1_12' title="bbox 215 1403 1270 1490; baseline 0.001 -21"><span class='ocrx_word' id='word_1_79' title='bbox 215 1403 354 1469; x_wconf 74' lang='lat' dir='ltr'>¹videret</span> <span class='ocrx_word' id='word_1_80' title='bbox 366 1405 443 1485; x_wconf 86' lang='lat' dir='ltr'>fore,</span> <span class='ocrx_word' id='word_1_81' title='bbox 462 1404 697 1488; x_wconf 67' lang='lat' dir='ltr'>caduceatores</span> <span class='ocrx_word' id='word_1_82' title='bbox 713 1403 767 1486; x_wconf 92' lang='lat' dir='ltr'>qui</span> <span class='ocrx_word' id='word_1_83' title='bbox 779 1404 821 1468; x_wconf 88' lang='lat' dir='ltr'>ad</span> <span class='ocrx_word' id='word_1_84' title='bbox 833 1424 946 1489; x_wconf 89' lang='lat' dir='ltr'>pacem</span> <span class='ocrx_word' id='word_1_85' title='bbox 963 1424 1018 1470; x_wconf 91' lang='lat' dir='ltr'>eos</span> <span class='ocrx_word' id='word_1_86' title='bbox 1034 1405 1270 1490; x_wconf 86' lang='lat' dir='ltr'>compellerent,</span> 
     </span>
     <span class='ocr_line' id='line_1_13' title="bbox 229 1507 1272 1595; baseline 0.001 -23"><span class='ocrx_word' id='word_1_87' title='bbox 229 1507 332 1573; x_wconf 88' lang='lat' dir='ltr'>misit:</span> <span class='ocrx_word' id='word_1_88' title='bbox 364 1527 445 1590; x_wconf 91' lang='lat' dir='ltr'>quos</span> <span class='ocrx_word' id='word_1_89' title='bbox 467 1508 557 1592; x_wconf 79' lang='lat' dir='ltr'>Tyrii</span> <span class='ocrx_word' id='word_1_90' title='bbox 580 1514 690 1572; x_wconf 86' lang='lat' dir='ltr'>contra</span> <span class='ocrx_word' id='word_1_91' title='bbox 719 1507 769 1574; x_wconf 88' lang='lat' dir='ltr'>ius</span> <span class='ocrx_word' id='word_1_92' title='bbox 799 1508 944 1590; x_wconf 86' lang='lat' dir='ltr'>gentium</span> <span class='ocrx_word' id='word_1_93' title='bbox 972 1507 1095 1574; x_wconf 89' lang='lat' dir='ltr'>occisos</span> <span class='ocrx_word' id='word_1_94' title='bbox 1118 1511 1272 1595; x_wconf 88' lang='lat' dir='ltr'>praecipi·</span> 
     </span>
     <span class='ocr_line' id='line_1_14' title="bbox 229 1611 1272 1698; baseline 0.001 -20"><span class='ocrx_word' id='word_1_95' title='bbox 229 1618 378 1678; x_wconf 85' lang='lat' dir='ltr'>taverunt</span> <span class='ocrx_word' id='word_1_96' title='bbox 414 1613 447 1676; x_wconf 95' lang='lat' dir='ltr'>in</span> <span class='ocrx_word' id='word_1_97' title='bbox 485 1613 594 1678; x_wconf 87' lang='lat' dir='ltr'>altum.</span> <span class='ocrx_word' id='word_1_98' title='bbox 648 1612 755 1696; x_wconf 84' lang='lat' dir='ltr'>Atque</span> <span class='ocrx_word' id='word_1_99' title='bbox 788 1611 851 1694; x_wconf 93' lang='lat' dir='ltr'>ille,</span> <span class='ocrx_word' id='word_1_100' title='bbox 877 1632 1006 1678; x_wconf 91' lang='lat' dir='ltr'>suorum</span> <span class='ocrx_word' id='word_1_101' title='bbox 1039 1619 1105 1678; x_wconf 89' lang='lat' dir='ltr'>tam</span> <span class='ocrx_word' id='word_1_102' title='bbox 1133 1614 1272 1698; x_wconf 85' lang='lat' dir='ltr'>indigna</span> 
     </span>
     <span class='ocr_line' id='line_1_15' title="bbox 175 1715 1322 1797; baseline 0.002 -17"><span class='ocrx_word' id='word_1_103' title='bbox 175 1719 214 1789; x_wconf 83' lang='lat'>10</span> <span class='ocrx_word' id='word_1_104' title='bbox 225 1724 327 1782; x_wconf 91' lang='lat' dir='ltr'>morte</span> <span class='ocrx_word' id='word_1_105' title='bbox 350 1723 534 1797; x_wconf 88' lang='lat' dir='ltr'>commotus,</span> <span class='ocrx_word' id='word_1_106' title='bbox 562 1717 673 1782; x_wconf 89' lang='lat' dir='ltr'>urbem</span> <span class='ocrx_word' id='word_1_107' title='bbox 696 1715 845 1782; x_wconf 89' lang='lat' dir='ltr'>obsidere</span> <span class='ocrx_word' id='word_1_108' title='bbox 869 1717 988 1782; x_wconf 87' lang='lat' dir='ltr'>statuit.</span> <span class='ocrx_word' id='word_1_109' title='bbox 1037 1715 1103 1789; x_wconf 82' lang='lat' dir='ltr'>Sed</span> <span class='ocrx_word' id='word_1_110' title='bbox 1125 1725 1206 1783; x_wconf 88' lang='lat' dir='ltr'>ante</span> <span class='ocrx_word' id='word_1_111' title='bbox 1229 1717 1270 1784; x_wconf 91' lang='lat' dir='ltr'>ia·</span> <span class='ocrx_word' id='word_1_112' title='bbox 1291 1733 1322 1783; x_wconf 83' lang='lat'>16</span> 
     </span>
     <span class='ocr_line' id='line_1_16' title="bbox 228 1820 1268 1904; baseline 0.002 -19"><span class='ocrx_word' id='word_1_113' title='bbox 228 1820 342 1885; x_wconf 90' lang='lat' dir='ltr'>cienda</span> <span class='ocrx_word' id='word_1_114' title='bbox 364 1821 466 1886; x_wconf 88' lang='lat' dir='ltr'>moles</span> <span class='ocrx_word' id='word_1_115' title='bbox 490 1827 568 1902; x_wconf 90' lang='lat' dir='ltr'>erat,</span> <span class='ocrx_word' id='word_1_116' title='bbox 594 1840 677 1904; x_wconf 88' lang='lat' dir='ltr'>quae</span> <span class='ocrx_word' id='word_1_117' title='bbox 709 1820 884 1886; x_wconf 88' lang='lat' dir='ltr'>continenti</span> <span class='ocrx_word' id='word_1_118' title='bbox 914 1823 1025 1888; x_wconf 91' lang='lat' dir='ltr'>urbem</span> <span class='ocrx_word' id='word_1_119' title='bbox 1049 1822 1268 1888; x_wconf 85' lang='lat' dir='ltr'>committeret.</span> 
     </span>
     <span class='ocr_line' id='line_1_17' title="bbox 227 1923 1270 2011; baseline 0.001 -21"><span class='ocrx_word' id='word_1_120' title='bbox 227 1926 346 2009; x_wconf 88' lang='lat' dir='ltr'>Ingens</span> <span class='ocrx_word' id='word_1_121' title='bbox 385 1945 462 2008; x_wconf 89' lang='lat' dir='ltr'>ergo</span> <span class='ocrx_word' id='word_1_122' title='bbox 500 1925 615 1990; x_wconf 92' lang='lat' dir='ltr'>animis</span> <span class='ocrx_word' id='word_1_123' title='bbox 649 1925 784 1990; x_wconf 92' lang='lat' dir='ltr'>militum</span> <span class='ocrx_word' id='word_1_124' title='bbox 817 1923 998 2011; x_wconf 86' lang='lat' dir='ltr'>desperatio</span> <span class='ocrx_word' id='word_1_125' title='bbox 1032 1925 1171 2007; x_wconf 89' lang='lat' dir='ltr'>incessit,</span> <span class='ocrx_word' id='word_1_126' title='bbox 1206 1947 1270 1991; x_wconf 90' lang='lat' dir='ltr'>cer-</span> 
     </span>
     <span class='ocr_line' id='line_1_18' title="bbox 226 2027 1269 2115; baseline 0.003 -23"><span class='ocrx_word' id='word_1_127' title='bbox 226 2030 375 2094; x_wconf 89' lang='lat' dir='ltr'>uentibus</span> <span class='ocrx_word' id='word_1_128' title='bbox 398 2029 591 2114; x_wconf 83' lang='lat' dir='ltr'>profundum</span> <span class='ocrx_word' id='word_1_129' title='bbox 615 2049 714 2110; x_wconf 88' lang='lat' dir='ltr'>mare,</span> <span class='ocrx_word' id='word_1_130' title='bbox 747 2027 834 2111; x_wconf 92' lang='lat' dir='ltr'>quod</span> <span class='ocrx_word' id='word_1_131' title='bbox 864 2030 918 2096; x_wconf 87' lang='lat' dir='ltr'>vix</span> <span class='ocrx_word' id='word_1_132' title='bbox 945 2027 1055 2094; x_wconf 89' lang='lat' dir='ltr'>divina</span> <span class='ocrx_word' id='word_1_133' title='bbox 1076 2051 1136 2115; x_wconf 90' lang='lat' dir='ltr'>ope</span> <span class='ocrx_word' id='word_1_134' title='bbox 1159 2038 1269 2114; x_wconf 91' lang='lat' dir='ltr'>posset</span> 
     </span>
     <span class='ocr_line' id='line_1_19' title="bbox 226 2125 1268 2218; baseline 0.003 -22"><span class='ocrx_word' id='word_1_135' title='bbox 226 2133 358 2217; x_wconf 91' lang='lat' dir='ltr'>impleri.</span> <span class='ocrx_word' id='word_1_136' title='bbox 407 2134 497 2210; x_wconf 80' lang='lat' dir='ltr'>Quae</span> <span class='ocrx_word' id='word_1_137' title='bbox 521 2152 601 2198; x_wconf 89' lang='lat' dir='ltr'>saxa</span> <span class='ocrx_word' id='word_1_138' title='bbox 622 2140 689 2198; x_wconf 91' lang='lat' dir='ltr'>tam</span> <span class='ocrx_word' id='word_1_139' title='bbox 711 2140 812 2214; x_wconf 88' lang='lat' dir='ltr'>vasta,</span> <span class='ocrx_word' id='word_1_140' title='bbox 847 2153 927 2216; x_wconf 91' lang='lat' dir='ltr'>quas</span> <span class='ocrx_word' id='word_1_141' title='bbox 957 2141 1023 2198; x_wconf 89' lang='lat' dir='ltr'>tam</span> <span class='ocrx_word' id='word_1_142' title='bbox 1046 2125 1197 2218; x_wconf 83' lang='lat' dir='ltr'>proceras</span> <span class='ocrx_word' id='word_1_143' title='bbox 1220 2156 1268 2199; x_wconf 89' lang='lat' dir='ltr'>ar-</span> 
     </span>
     <span class='ocr_line' id='line_1_20' title="bbox 225 2236 1268 2324; baseline 0.002 -22"><span class='ocrx_word' id='word_1_144' title='bbox 225 2237 319 2302; x_wconf 90' lang='lat' dir='ltr'>bores</span> <span class='ocrx_word' id='word_1_145' title='bbox 349 2257 444 2322; x_wconf 86' lang='lat' dir='ltr'>posse</span> <span class='ocrx_word' id='word_1_146' title='bbox 474 2237 632 2324; x_wconf 82' lang='lat' dir='ltr'>reperiri?</span> <span class='ocrx_word' id='word_1_147' title='bbox 677 2236 912 2314; x_wconf 82' lang='lat' dir='ltr'>exhauriendas</span> <span class='ocrx_word' id='word_1_148' title='bbox 943 2258 1014 2304; x_wconf 89' lang='lat' dir='ltr'>esse</span> <span class='ocrx_word' id='word_1_149' title='bbox 1043 2238 1202 2321; x_wconf 85' lang='lat' dir='ltr'>regiones,</span> <span class='ocrx_word' id='word_1_150' title='bbox 1233 2246 1268 2304; x_wconf 91' lang='lat' dir='ltr'>ut</span> 
     </span>
     <span class='ocr_line' id='line_1_21' title="bbox 226 2341 1264 2426; baseline 0.001 -21"><span class='ocrx_word' id='word_1_151' title='bbox 226 2341 305 2406; x_wconf 88' lang='lat' dir='ltr'>illud</span> <span class='ocrx_word' id='word_1_152' title='bbox 328 2342 468 2426; x_wconf 87' lang='lat' dir='ltr'>spatium</span> <span class='ocrx_word' id='word_1_153' title='bbox 491 2348 756 2424; x_wconf 84' lang='lat' dir='ltr'>exaggeraretur:</span> <span class='ocrx_word' id='word_1_154' title='bbox 782 2349 970 2408; x_wconf 84' lang='lat' dir='ltr'>exaestuare</span> <span class='ocrx_word' id='word_1_155' title='bbox 994 2361 1121 2426; x_wconf 86' lang='lat' dir='ltr'>semper</span> <span class='ocrx_word' id='word_1_156' title='bbox 1138 2341 1264 2424; x_wconf 86' lang='lat' dir='ltr'>fretum,</span> 
     </span>
     <span class='ocr_line' id='line_1_22' title="bbox 226 2445 1264 2530; baseline 0 -20"><span class='ocrx_word' id='word_1_157' title='bbox 226 2467 352 2530; x_wconf 89' lang='lat' dir='ltr'>quoque</span> <span class='ocrx_word' id='word_1_158' title='bbox 382 2446 482 2511; x_wconf 84' lang='lat' dir='ltr'>artius</span> <span class='ocrx_word' id='word_1_159' title='bbox 512 2447 672 2511; x_wconf 85' lang='lat' dir='ltr'>volutetur</span> <span class='ocrx_word' id='word_1_160' title='bbox 701 2445 784 2510; x_wconf 92' lang='lat' dir='ltr'>inter</span> <span class='ocrx_word' id='word_1_161' title='bbox 812 2445 949 2511; x_wconf 90' lang='lat' dir='ltr'>insulam</span> <span class='ocrx_word' id='word_1_162' title='bbox 980 2452 1012 2510; x_wconf 90' lang='lat' dir='ltr'>et</span> <span class='ocrx_word' id='word_1_163' title='bbox 1042 2446 1264 2528; x_wconf 90' lang='lat' dir='ltr'>continentem,</span> 
     </span>
     <span class='ocr_line' id='line_1_23' title="bbox 225 2549 1316 2635; baseline 0.001 -21"><span class='ocrx_word' id='word_1_164' title='bbox 225 2551 286 2616; x_wconf 92' lang='lat' dir='ltr'>hoc</span> <span class='ocrx_word' id='word_1_165' title='bbox 319 2551 425 2616; x_wconf 90' lang='lat' dir='ltr'>acrius</span> <span class='ocrx_word' id='word_1_166' title='bbox 449 2550 563 2615; x_wconf 85' lang='lat' dir='ltr'>furere.</span> <span class='ocrx_word' id='word_1_167' title='bbox 610 2549 653 2614; x_wconf 85' lang='lat' dir='ltr'>At</span> <span class='ocrx_word' id='word_1_168' title='bbox 687 2550 750 2632; x_wconf 89' lang='lat' dir='ltr'>ille,</span> <span class='ocrx_word' id='word_1_169' title='bbox 785 2549 1034 2632; x_wconf 91' lang='lat' dir='ltr'>haudquaquam</span> <span class='ocrx_word' id='word_1_170' title='bbox 1071 2549 1159 2614; x_wconf 87' lang='lat' dir='ltr'>rudis</span> <span class='ocrx_word' id='word_1_171' title='bbox 1196 2572 1264 2635; x_wconf 90' lang='lat' dir='ltr'>per·</span> <span class='ocrx_word' id='word_1_172' title='bbox 1285 2567 1316 2616; x_wconf 87' lang='lat'>17</span> 
     </span>
     <span class='ocr_line' id='line_1_24' title="bbox 224 2654 1265 2739; baseline 0.001 -21"><span class='ocrx_word' id='word_1_173' title='bbox 224 2655 381 2720; x_wconf 75' lang='lat' dir='ltr'>mactandi</span> <span class='ocrx_word' id='word_1_174' title='bbox 421 2655 573 2720; x_wconf 89' lang='lat' dir='ltr'>militares</span> <span class='ocrx_word' id='word_1_175' title='bbox 611 2655 744 2736; x_wconf 91' lang='lat' dir='ltr'>animos,</span> <span class='ocrx_word' id='word_1_176' title='bbox 785 2655 925 2739; x_wconf 91' lang='lat' dir='ltr'>speciem</span> <span class='ocrx_word' id='word_1_177' title='bbox 962 2654 1024 2718; x_wconf 92' lang='lat' dir='ltr'>sibi</span> <span class='ocrx_word' id='word_1_178' title='bbox 1047 2654 1196 2720; x_wconf 91' lang='lat' dir='ltr'>Herculis</span> <span class='ocrx_word' id='word_1_179' title='bbox 1233 2657 1265 2719; x_wconf 95' lang='lat' dir='ltr'>in</span> 
     </span>
     <span class='ocr_line' id='line_1_25' title="bbox 225 2759 1264 2844; baseline -0.002 -19"><span class='ocrx_word' id='word_1_180' title='bbox 225 2779 336 2825; x_wconf 88' lang='lat' dir='ltr'>somno</span> <span class='ocrx_word' id='word_1_181' title='bbox 371 2760 511 2826; x_wconf 90' lang='lat' dir='ltr'>oblatam</span> <span class='ocrx_word' id='word_1_182' title='bbox 541 2778 621 2824; x_wconf 88' lang='lat' dir='ltr'>esse</span> <span class='ocrx_word' id='word_1_183' title='bbox 660 2759 853 2844; x_wconf 89' lang='lat' dir='ltr'>pronuntiat,</span> <span class='ocrx_word' id='word_1_184' title='bbox 877 2759 1021 2824; x_wconf 81' lang='lat' dir='ltr'>dextram</span> <span class='ocrx_word' id='word_1_185' title='bbox 1054 2759 1264 2843; x_wconf 87' lang='lat' dir='ltr'>porrigentis:</span> 
     </span>
     <span class='ocr_line' id='line_1_26' title="bbox 224 2862 1263 2947; baseline 0.002 -22"><span class='ocrx_word' id='word_1_186' title='bbox 224 2862 280 2928; x_wconf 91' lang='lat' dir='ltr'>illo</span> <span class='ocrx_word' id='word_1_187' title='bbox 311 2863 404 2946; x_wconf 90' lang='lat' dir='ltr'>duce,</span> <span class='ocrx_word' id='word_1_188' title='bbox 439 2863 495 2927; x_wconf 91' lang='lat' dir='ltr'>illo</span> <span class='ocrx_word' id='word_1_189' title='bbox 529 2863 694 2947; x_wconf 88' lang='lat' dir='ltr'>aperiente</span> <span class='ocrx_word' id='word_1_190' title='bbox 728 2863 760 2926; x_wconf 94' lang='lat' dir='ltr'>in</span> <span class='ocrx_word' id='word_1_191' title='bbox 793 2865 904 2929; x_wconf 87' lang='lat' dir='ltr'>urbem</span> <span class='ocrx_word' id='word_1_192' title='bbox 938 2863 1055 2926; x_wconf 89' lang='lat' dir='ltr'>intrare</span> <span class='ocrx_word' id='word_1_193' title='bbox 1086 2883 1121 2926; x_wconf 90' lang='lat' dir='ltr'>se</span> <span class='ocrx_word' id='word_1_194' title='bbox 1150 2863 1263 2928; x_wconf 85' lang='lat' dir='ltr'>visum.</span> 
     </span>
     <span class='ocr_line' id='line_1_27' title="bbox 224 2965 1264 3049; baseline 0 -19"><span class='ocrx_word' id='word_1_195' title='bbox 224 2968 310 3031; x_wconf 90' lang='lat' dir='ltr'>Inter</span> <span class='ocrx_word' id='word_1_196' title='bbox 339 2967 419 3032; x_wconf 90' lang='lat' dir='ltr'>haec</span> <span class='ocrx_word' id='word_1_197' title='bbox 450 2966 678 3032; x_wconf 89' lang='lat' dir='ltr'>caduceatores</span> <span class='ocrx_word' id='word_1_198' title='bbox 708 2966 904 3048; x_wconf 90' lang='lat' dir='ltr'>interfectos,</span> <span class='ocrx_word' id='word_1_199' title='bbox 935 2965 1078 3049; x_wconf 87' lang='lat' dir='ltr'>gentium</span> <span class='ocrx_word' id='word_1_200' title='bbox 1107 2965 1177 3030; x_wconf 90' lang='lat' dir='ltr'>iura</span> <span class='ocrx_word' id='word_1_201' title='bbox 1201 2967 1264 3031; x_wconf 78' lang='lat' dir='ltr'>vio·</span> 
     </span>
     <span class='ocr_line' id='line_1_28' title="bbox 224 3069 1263 3151; baseline 0.001 -18"><span class='ocrx_word' id='word_1_202' title='bbox 224 3070 289 3135; x_wconf 88' lang='lat' dir='ltr'>lata</span> <span class='ocrx_word' id='word_1_203' title='bbox 311 3070 489 3136; x_wconf 89' lang='lat' dir='ltr'>referebat:</span> <span class='ocrx_word' id='word_1_204' title='bbox 520 3091 617 3134; x_wconf 92' lang='lat' dir='ltr'>unam</span> <span class='ocrx_word' id='word_1_205' title='bbox 641 3090 712 3135; x_wconf 92' lang='lat' dir='ltr'>esse</span> <span class='ocrx_word' id='word_1_206' title='bbox 737 3073 855 3150; x_wconf 86' lang='lat' dir='ltr'>urbem,</span> <span class='ocrx_word' id='word_1_207' title='bbox 881 3089 962 3151; x_wconf 89' lang='lat' dir='ltr'>quae</span> <span class='ocrx_word' id='word_1_208' title='bbox 985 3089 1112 3134; x_wconf 89' lang='lat' dir='ltr'>cursum</span> <span class='ocrx_word' id='word_1_209' title='bbox 1134 3069 1263 3135; x_wconf 87' lang='lat' dir='ltr'>victoris</span> 
     </span>
     <span class='ocr_line' id='line_1_29' title="bbox 222 3172 1314 3257; baseline 0.003 -19"><span class='ocrx_word' id='word_1_210' title='bbox 222 3175 337 3239; x_wconf 90' lang='lat' dir='ltr'>morari</span> <span class='ocrx_word' id='word_1_211' title='bbox 352 3195 429 3240; x_wconf 87' lang='lat' dir='ltr'>ausa</span> <span class='ocrx_word' id='word_1_212' title='bbox 445 3182 538 3240; x_wconf 87' lang='lat' dir='ltr'>esset.</span> <span class='ocrx_word' id='word_1_213' title='bbox 561 3213 597 3220; x_wconf 90' lang='lat'>—</span> <span class='ocrx_word' id='word_1_214' title='bbox 616 3175 762 3242; x_wconf 91' lang='lat' dir='ltr'>Ducibus</span> <span class='ocrx_word' id='word_1_215' title='bbox 779 3172 895 3239; x_wconf 90' lang='lat' dir='ltr'>deinde</span> <span class='ocrx_word' id='word_1_216' title='bbox 912 3174 1076 3257; x_wconf 89' lang='lat' dir='ltr'>negotium</span> <span class='ocrx_word' id='word_1_217' title='bbox 1101 3173 1203 3255; x_wconf 88' lang='lat' dir='ltr'>datur,</span> <span class='ocrx_word' id='word_1_218' title='bbox 1228 3181 1262 3238; x_wconf 89' lang='lat' dir='ltr'>ut</span> <span class='ocrx_word' id='word_1_219' title='bbox 1282 3191 1314 3241; x_wconf 85' lang='lat'>18</span> 
     </span>
     <span class='ocr_line' id='line_1_30' title="bbox 222 3279 1261 3363; baseline 0 -19"><span class='ocrx_word' id='word_1_220' title='bbox 222 3300 296 3345; x_wconf 87' lang='lat' dir='ltr'>suos</span> <span class='ocrx_word' id='word_1_221' title='bbox 320 3280 455 3363; x_wconf 89' lang='lat' dir='ltr'>quisque</span> <span class='ocrx_word' id='word_1_222' title='bbox 478 3280 624 3363; x_wconf 87' lang='lat' dir='ltr'>castiget,</span> <span class='ocrx_word' id='word_1_223' title='bbox 648 3279 792 3362; x_wconf 87' lang='lat' dir='ltr'>satisque</span> <span class='ocrx_word' id='word_1_224' title='bbox 815 3279 961 3344; x_wconf 90' lang='lat' dir='ltr'>omnibus</span> <span class='ocrx_word' id='word_1_225' title='bbox 985 3279 1156 3343; x_wconf 87' lang='lat' dir='ltr'>stimulatis</span> <span class='ocrx_word' id='word_1_226' title='bbox 1180 3299 1261 3363; x_wconf 89' lang='lat' dir='ltr'>opus</span> 
     </span>
     <span class='ocr_line' id='line_1_31' title="bbox 222 3383 1260 3467; baseline 0.002 -21"><span class='ocrx_word' id='word_1_227' title='bbox 222 3401 312 3448; x_wconf 88' lang='lat' dir='ltr'>orsus</span> <span class='ocrx_word' id='word_1_228' title='bbox 343 3391 400 3448; x_wconf 91' lang='lat' dir='ltr'>est.</span> <span class='ocrx_word' id='word_1_229' title='bbox 446 3384 564 3466; x_wconf 84' lang='lat' dir='ltr'>Magna</span> <span class='ocrx_word' id='word_1_230' title='bbox 594 3383 642 3450; x_wconf 89' lang='lat' dir='ltr'>vis</span> <span class='ocrx_word' id='word_1_231' title='bbox 666 3405 816 3450; x_wconf 88' lang='lat' dir='ltr'>saxorum</span> <span class='ocrx_word' id='word_1_232' title='bbox 846 3383 889 3448; x_wconf 92' lang='lat' dir='ltr'>ad</span> <span class='ocrx_word' id='word_1_233' title='bbox 919 3403 1045 3447; x_wconf 90' lang='lat' dir='ltr'>manum</span> <span class='ocrx_word' id='word_1_234' title='bbox 1070 3390 1147 3463; x_wconf 88' lang='lat' dir='ltr'>erat,</span> <span class='ocrx_word' id='word_1_235' title='bbox 1174 3385 1260 3467; x_wconf 84' lang='lat' dir='ltr'>Tyro</span> 
     </span>
     <span class='ocr_line' id='line_1_32' title="bbox 221 3477 1260 3573; baseline 0.001 -22"><span class='ocrx_word' id='word_1_236' title='bbox 221 3494 328 3552; x_wconf 86' lang='lat' dir='ltr'>vetere</span> <span class='ocrx_word' id='word_1_237' title='bbox 350 3486 538 3573; x_wconf 88' lang='lat' dir='ltr'>praebente:</span> <span class='ocrx_word' id='word_1_238' title='bbox 571 3477 721 3554; x_wconf 87' lang='lat' dir='ltr'>materies</span> <span class='ocrx_word' id='word_1_239' title='bbox 744 3509 785 3552; x_wconf 92' lang='lat' dir='ltr'>ex</span> <span class='ocrx_word' id='word_1_240' title='bbox 808 3488 931 3554; x_wconf 89' lang='lat' dir='ltr'>Libano</span> <span class='ocrx_word' id='word_1_241' title='bbox 954 3494 1061 3552; x_wconf 89' lang='lat' dir='ltr'>monte</span> <span class='ocrx_word' id='word_1_242' title='bbox 1084 3487 1206 3552; x_wconf 89' lang='lat' dir='ltr'>ratibus</span> <span class='ocrx_word' id='word_1_243' title='bbox 1229 3495 1260 3553; x_wconf 89' lang='lat' dir='ltr'>et</span> 
     </span>
     <span class='ocr_line' id='line_1_33' title="bbox 220 3590 1311 3675; baseline 0.003 -21"><span class='ocrx_word' id='word_1_244' title='bbox 220 3591 358 3656; x_wconf 89' lang='lat' dir='ltr'>turribus</span> <span class='ocrx_word' id='word_1_245' title='bbox 381 3591 537 3657; x_wconf 83' lang='lat' dir='ltr'>faciendis</span> <span class='ocrx_word' id='word_1_246' title='bbox 559 3591 788 3658; x_wconf 88' lang='lat' dir='ltr'>advehebatur.</span> <span class='ocrx_word' id='word_1_247' title='bbox 837 3593 971 3675; x_wconf 89' lang='lat' dir='ltr'>Iamque</span> <span class='ocrx_word' id='word_1_248' title='bbox 994 3613 1014 3656; x_wconf 87' lang='lat' dir='ltr'>a</span> <span class='ocrx_word' id='word_1_249' title='bbox 1036 3590 1136 3656; x_wconf 88' lang='lat' dir='ltr'>fundo</span> <span class='ocrx_word' id='word_1_250' title='bbox 1162 3592 1259 3657; x_wconf 88' lang='lat' dir='ltr'>maris</span> <span class='ocrx_word' id='word_1_251' title='bbox 1279 3608 1311 3658; x_wconf 82' lang='lat'>19</span> 
     </span>
     <span class='ocr_line' id='line_1_34' title="bbox 220 3695 1259 3782; baseline 0.004 -24"><span class='ocrx_word' id='word_1_252' title='bbox 220 3695 252 3759; x_wconf 93' lang='lat' dir='ltr'>in</span> <span class='ocrx_word' id='word_1_253' title='bbox 274 3695 477 3762; x_wconf 89' lang='lat' dir='ltr'>altitudinem</span> <span class='ocrx_word' id='word_1_254' title='bbox 504 3696 662 3762; x_wconf 88' lang='lat' dir='ltr'>modicam</span> <span class='ocrx_word' id='word_1_255' title='bbox 693 3717 773 3782; x_wconf 91' lang='lat' dir='ltr'>opus</span> <span class='ocrx_word' id='word_1_256' title='bbox 804 3704 955 3778; x_wconf 89' lang='lat' dir='ltr'>creverat,</span> <span class='ocrx_word' id='word_1_257' title='bbox 987 3696 1127 3761; x_wconf 93' lang='lat' dir='ltr'>nondum</span> <span class='ocrx_word' id='word_1_258' title='bbox 1152 3703 1259 3762; x_wconf 90' lang='lat' dir='ltr'>tamen</span> 
     </span>
     <span class='ocr_line' id='line_1_35' title="bbox 221 3800 1311 3887; baseline 0.001 -24"><span class='ocrx_word' id='word_1_259' title='bbox 221 3820 324 3883; x_wconf 90' lang='lat' dir='ltr'>aquae</span> <span class='ocrx_word' id='word_1_260' title='bbox 355 3800 521 3884; x_wconf 89' lang='lat' dir='ltr'>fastigium</span> <span class='ocrx_word' id='word_1_261' title='bbox 550 3804 725 3885; x_wconf 87' lang='lat' dir='ltr'>aequabat:</span> <span class='ocrx_word' id='word_1_262' title='bbox 760 3823 832 3867; x_wconf 92' lang='lat' dir='ltr'>cum</span> <span class='ocrx_word' id='word_1_263' title='bbox 861 3802 951 3886; x_wconf 82' lang='lat' dir='ltr'>Tyrii</span> <span class='ocrx_word' id='word_1_264' title='bbox 981 3801 1089 3887; x_wconf 88' lang='lat' dir='ltr'>parvis</span> <span class='ocrx_word' id='word_1_265' title='bbox 1120 3801 1258 3884; x_wconf 87' lang='lat' dir='ltr'>navigiis</span> <span class='ocrx_word' id='word_1_266' title='bbox 1276 3815 1311 3864; x_wconf 84' lang='lat'>20</span> 
     </span>
    </p>
   </div>
   <div class='ocr_carea' id='block_1_3' title="bbox 0 0 1518 4322">
    <p class='ocr_par' dir='ltr' id='par_1_3' title="bbox 0 0 1518 4322">
     <span class='ocr_line' id='line_1_36' title="bbox 0 0 1518 4322; baseline 0 4"><span class='ocrx_word' id='word_1_267' title='bbox 0 0 1518 4322; x_wconf 95' lang='lat' dir='ltr'> </span> 
     </span>
    </p>
   </div>
  </div>
 </body>
</html>
