2970 4322
266 211 330 274 300
652 210 682 276 o.
702 209 810 262 cuum
829 209 918 263 uum

213 429 247 478 24
267 419 331 483 isse
361 417 531 502 paulisper,
562 423 596 481 ut
625 415 785 481 crudelius
815 423 923 500 posset
954 414 1107 498 extingui.
1155 413 1206 478 Ad
1238 412 1318 476 nlti-

266 541 350 586 mum
389 520 488 584 dolori
526 520 690 585 succubuit
728 519 944 602 obvolutoque
982 519 1086 603 capite
1123 516 1315 583 accidentes

265 625 399 709 genibus
424 624 490 690 suis
513 632 642 709 neptem
672 632 884 708 nepotemque
913 631 1062 689 aversata
1091 623 1162 688 cibo
1188 623 1318 708 pariter

266 729 420 796 abstinuit
457 737 489 793 et
523 729 603 794 luce.
658 727 786 806 Quinto,
819 735 987 812 postquam
1024 727 1102 792 mori
1141 734 1313 808 statuerat,

215 833 320 898 151111
353 833 493 898 extincta
526 839 583 898 est.
638 833 790 913 Magnum
824 831 966 914 profecto
997 830 1172 897 Alexandri
1204 831 1313 896 indul-

266 937 393 1021 gentiae
427 937 458 1000 in
493 956 563 1000 cam
598 935 799 1018 iustitiaeque
829 935 863 1000 in
893 957 1001 1002 omnes
1036 937 1178 1021 captivos
1212 933 1314 1000 docu-

266 1048 407 1106 mentum
442 1047 489 1105 cst
523 1060 606 1104 mors
642 1039 745 1120 huius,
782 1059 863 1122 quae
898 1059 970 1103 cum
1004 1039 1205 1104 sustinuisset
1235 1046 1316 1122 post

270 1147 410 1210 Dareum
432 1145 550 1224 vivere,
576 1129 758 1208 ¹alleuandro
782 1163 853 1208 esse
877 1150 1036 1228 superstes
1061 1143 1196 1209 erubuit.

220 1258 253 1308 26
372 1251 413 1314 Et
435 1248 565 1314 hercule
588 1248 669 1312 iuste
692 1247 932 1312 aestimantibus
955 1268 1063 1331 regem
1091 1246 1200 1330 liquet,
1225 1247 1319 1312 bona
1334 1243 1375 1314 18

219 1363 252 1412 27
272 1362 402 1419 naturae
429 1353 497 1419 eius
520 1351 629 1431 fuisse,
659 1351 738 1416 vitia
760 1352 810 1416 vel
834 1351 978 1416 fortunae
1001 1352 1051 1416 vel
1082 1351 1205 1416 aetatis.
1253 1351 1316 1416 Vis

269 1456 465 1523 incredibilis
496 1455 601 1537 animi,
625 1456 741 1520 laboris
772 1455 926 1539 patientia
948 1455 1178 1541 propemodum
1200 1455 1316 1536 nimia,

270 1561 420 1627 fortitudo
453 1581 517 1625 non
551 1560 634 1625 inter
667 1579 759 1642 reges
792 1557 885 1624 modo
921 1559 1093 1640 excellens,
1134 1559 1191 1624 sed
1226 1559 1317 1625 inter

224 1672 258 1723 23
276 1666 348 1730 illos
378 1685 515 1748 quoque,
546 1684 681 1748 quorum
710 1663 790 1728 haec
820 1664 889 1729 sola
917 1663 1016 1728 virtus
1046 1663 1113 1744 fuit,
1138 1664 1316 1730 liberalitas

270 1789 368 1854 saepe
411 1769 532 1834 maiora
569 1768 734 1833 tribuentis
772 1787 867 1850 quam
903 1789 924 1831 a
960 1766 1011 1832 dis
1048 1774 1206 1852 petuntur,
1248 1769 1313 1833 cle-

270 1874 391 1940 mentia
423 1872 457 1937 in
490 1873 633 1937 devictos
655 1878 768 1936 —tot
800 1891 900 1954 regna
932 1878 987 1936 aut
1020 1870 1155 1950 reddita,
1191 1871 1311 1954 quibus

221 1986 254 2036 23
273 1977 435 2043 ademerat
457 1976 551 2059 bello,
575 1983 629 2040 aut
652 1973 735 2040 dono
759 1973 835 2039 data
857 1998 915 2038 -ε
943 1975 1061 2056 mortis,
1086 1976 1175 2040 cuius
1205 1983 1313 2042 metus

269 2089 390 2147 ceteros
418 2081 586 2159 exanimat,
619 2086 774 2165 perpetua
803 2079 1003 2165 contemptio,
1033 2079 1154 2163 gloriae
1184 2079 1310 2145 laudis-

270 2207 331 2268 que
361 2192 395 2248 ut
425 2185 508 2249 iusto
539 2183 640 2249 maior
670 2181 794 2268 cupido,
826 2182 871 2247 ita
900 2190 933 2247 ut
963 2183 1070 2249 iuveni
1097 2190 1129 2249 et
1152 2183 1185 2249 in
1208 2184 1308 2249 tantis

218 2299 251 2349 30
269 2309 329 2352 nec
363 2286 514 2352 evitanda
547 2287 658 2352 rebus:
693 2285 758 2350 iam
792 2285 893 2370 pietas
929 2307 1004 2370 erga
1037 2295 1199 2374 parentes,
1234 2309 1313 2371 quo-

270 2413 338 2456 rum
381 2389 574 2476 Olympiada
613 2389 841 2455 immortalitati
886 2409 1073 2456 consecrare
1114 2390 1310 2472 decreverat,

219 2507 251 2556 31
271 2495 454 2580 Philippum
499 2495 582 2559 ultus
628 2501 703 2575 crat,
748 2494 811 2557 iam
855 2493 888 2557 in
933 2515 1041 2560 omnes
1087 2495 1153 2561 fere
1191 2486 1313 2562 amicos

272 2598 462 2680 benignitas,
504 2619 580 2681 erga
617 2598 735 2662 milites
772 2597 1005 2664 benivolentia:
1045 2600 1213 2664 consilium
1252 2621 1314 2684 par

273 2699 482 2786 magnitudini
512 2701 609 2766 animi
640 2709 679 2783 et,
711 2709 862 2784 quantam
893 2701 946 2767 vix
976 2709 1100 2787 poterat
1129 2711 1221 2770 aetas
1245 2705 1314 2769 eius

219 2818 252 2868 32
272 2827 396 2891 capere,
442 2806 590 2885 sollertia,
637 2805 750 2870 modus
802 2805 1039 2870 immodicarum
1091 2806 1311 2892 cupiditatum,

273 2909 404 2975 Veneris
428 2908 509 2972 intra
532 2911 676 2974 naturale
699 2908 892 2974 desiderium
915 2929 991 2975 usus
1014 2931 1073 2975 nec
1096 2912 1162 2976 ulla
1185 2913 1247 2978 nisi
1271 2933 1312 2977 cx

275 3013 428 3100 permisso
469 3013 615 3097 voluptas
650 3051 693 3058 —
723 3014 867 3096 ingentes
909 3013 1050 3098 profecto
1089 3014 1180 3080 dotes
1223 3023 1315 3082 erant

220 3131 253 3180 33
272 3127 422 3182 caturae.
453 3117 513 3180 Illa
532 3117 694 3182 fortunae:
712 3117 761 3182 dis
781 3138 919 3201 aequare
939 3138 973 3183 se
993 3126 1024 3184 et
1040 3120 1194 3186 caelestes
1214 3122 1313 3187 hono-

272 3241 322 3286 res
353 3240 515 3286 accersere
547 3228 577 3286 et
607 3221 683 3286 talia
717 3220 922 3287 suadentibus
953 3223 1090 3288 oraculis
1103 3283 1105 3287 .
1120 3224 1250 3316 credere
1282 3233 1313 3290 et

272 3324 518 3408 dedignantibus
551 3325 695 3390 venerari
728 3326 832 3408 ipsum
867 3326 1088 3392 vehementius
1123 3348 1219 3410 quam
1254 3351 1312 3414 par

272 3437 357 3495 esset
393 3430 505 3494 irasci:
535 3429 567 3494 in
605 3437 768 3496 externum
814 3431 959 3496 habitum
1003 3439 1127 3496 mutare
1170 3434 1313 3516 corporis

273 3535 400 3614 cultum,
432 3534 546 3598 imitari
580 3534 775 3599 devictarum
805 3536 950 3618 gentium
981 3555 1096 3618 mores,
1128 3556 1207 3618 quos
1238 3545 1315 3602 ante

222 3649 255 3700 34
273 3637 437 3702 victoriam
460 3645 630 3722 spreverat.
666 3639 750 3703 Nam
772 3639 967 3705 iracundiam
991 3647 1023 3704 et
1046 3639 1228 3725 cupidinem
1247 3642 1315 3707 vini

274 3741 365 3806 sicuti
394 3741 524 3806 iuventa
553 3741 741 3824 irritaverat,
774 3743 818 3807 ita
848 3749 993 3809 senectus
1023 3741 1168 3827 mitigare
1195 3745 1315 3829 potuis-

222 3855 257 3907 35
276 3851 333 3909 set.
378 3845 557 3910 Fatendum
587 3853 636 3912 est
665 3853 780 3928 tamen,
816 3868 887 3912 cum
920 3847 1090 3933 plurimum
1120 3849 1229 3914 virtuti
1260 3850 1317 3916 de-
