3040 4318
277 211 319 276 98
664 212 694 278 Q.
714 211 823 266 CURTI
841 212 929 267 RUFI

277 417 360 482 sario
383 436 422 480 ac
445 415 622 500 propinquo
653 434 719 497 suo,
751 416 815 482 iam
847 437 910 482 non
941 415 1041 498 hoste,
1074 415 1132 482 sed
1161 414 1313 500 supplice,

226 534 258 585 15
275 527 398 585 tantum
434 520 532 584 vitam
569 521 702 604 precari.
764 521 1014 586 Moderationem
1052 519 1315 601 clementiamque

276 623 372 708 regis,
397 645 478 706 quae
500 630 577 688 tunc
600 623 668 706 fuit,
692 624 745 690 vel
767 645 831 689 una
851 624 932 690 haee
948 645 999 690 res
1014 625 1115 709 possit
1130 621 1314 689 ostendere:

275 748 340 794 non
355 727 475 793 Medati
497 728 593 793 modo
616 728 750 811 ignovit,
775 727 833 794 sed
857 748 966 794 omnes
991 736 1022 794 et
1045 728 1171 794 deditos
1194 733 1225 792 et
1244 747 1315 810 oap-

274 833 357 898 tivos
379 832 524 898 libertate
547 839 643 916 atque
665 833 863 898 immunitate
887 833 1025 915 donavit,
1053 834 1165 898 urbem
1187 830 1314 913 reliquit

275 937 434 1018 intactam,
458 955 552 1019 agros
575 937 644 1002 sine
667 937 786 1002 tributo
810 937 916 1004 colere
939 937 1092 1022 permisit.
1139 935 1168 1000 A
1191 935 1314 1001 victore

275 1043 383 1107 Dareo
406 1041 497 1124 plura
520 1047 622 1106 mater
644 1061 708 1106 non
730 1041 940 1126 impetrasset.
1510 1119 1511 1122 Ἴ

224 1158 256 1210 16
379 1145 535 1210 Uxiorum
565 1145 638 1211 dein
672 1153 799 1229 gentem
829 1147 993 1212 subactam
1022 1145 1227 1212 Susianorum
1258 1141 1358 1212 sa-l2
1510 1131 1511 1224 l

275 1256 416 1342 trapcae,
442 1249 629 1317 contribuit:
664 1248 837 1332 divisisque
871 1271 943 1314 eum
973 1249 1184 1314 Parmenione
1214 1248 1313 1332 copiis
1510 1247 1511 1340 l

274 1353 362 1417 illum
392 1353 564 1436 campestri
594 1352 706 1418 itinere
736 1353 910 1437 procedere
940 1354 1036 1436 iubet,
1068 1354 1138 1439 ipse
1168 1374 1240 1418 cum
1263 1373 1313 1418 ex·
1510 1353 1511 1374 ¹

274 1457 381 1542 pedito
404 1457 532 1540 agmine
554 1457 663 1540 iugum
685 1458 838 1523 montium
861 1459 953 1544 oepit,
979 1479 1111 1542 quorum
1126 1465 1313 1544 perpetuum

224 1575 256 1625 17
274 1561 404 1628 dorsum
426 1562 459 1626 in
474 1561 639 1628 Persidem
663 1563 810 1642 excurrit.
845 1563 939 1629 Omni
961 1563 1022 1628 bac
1041 1564 1173 1647 regione
1188 1569 1314 1628 vastata

273 1668 365 1733 tertio
390 1667 442 1733 die
465 1666 638 1748 Persidem,
667 1668 776 1750 quinto
798 1668 972 1752 angustias,
1006 1687 1084 1752 quas
1107 1668 1154 1732 illi
1178 1666 1313 1734 Susidas

273 1773 373 1857 Pylas
389 1779 513 1854 vocant,
537 1773 643 1842 intrat.
683 1772 916 1839 Ariobarzanes
931 1774 991 1839 has
1007 1794 1079 1839 oum
1096 1783 1171 1838 XXV
1184 1773 1312 1838 milibus

273 1877 416 1961 peditum
439 1884 659 1961 occupaverat,
691 1897 786 1962 rupes
816 1878 960 1944 abscisas
991 1885 1023 1944 et
1052 1876 1193 1961 undique
1223 1897 1313 1961 prae·

272 1987 399 2065 ruptasp
417 1981 450 2044 in
473 2001 605 2063 quarum
629 1981 846 2046 cacuminibus
870 1989 960 2048 extra
981 1982 1037 2048 teli
1052 1982 1169 2047 iactum
1184 1980 1312 2046 barbari

272 2085 408 2167 stabant,
433 2085 473 2151 de
496 2084 652 2150 industria
674 2085 773 2167 quieti
796 2093 827 2151 et
849 2087 1039 2170 paventibus
1056 2086 1184 2168 similes,
1210 2085 1312 2152 donec

222 2200 254 2252 18
272 2190 304 2254 in
327 2190 503 2255 artissimas
527 2188 636 2255 fauces
660 2198 840 2274 penetraret
864 2211 990 2274 agmen.
1038 2190 1131 2268 Quod
1151 2190 1215 2272 ubi,
1239 2209 1328 2268 con,

272 2301 394 2378 temptu
424 2293 482 2374 sui,
514 2314 648 2378 pergere
678 2293 797 2375 vident,
829 2302 896 2360 tum
925 2316 1002 2361 vero
1021 2295 1160 2378 ingentis
1191 2293 1312 2378 magni-

271 2397 391 2462 tudinis
408 2418 487 2463 saxa
502 2419 560 2482 per
575 2398 727 2463 montium
743 2419 843 2483 prona
858 2399 1040 2479 devolvunt,
1065 2419 1157 2482 quac,
1184 2399 1312 2464 incussa

273 2501 401 2585 saepius
432 2501 669 2566 subiacentibus
700 2503 807 2586 petris,
842 2503 962 2569 maiore
984 2503 1017 2568 vi
1040 2503 1223 2569 incidebant
1251 2523 1311 2568 nec

222 2615 254 2666 19
273 2605 417 2688 singulos
439 2604 543 2687 modo,
568 2605 626 2672 scd
649 2607 779 2690 agmina
794 2608 1005 2691 proterebant.
1042 2607 1162 2674 Fundis
1186 2627 1311 2690 quoque

273 2708 400 2774 excussi
423 2708 547 2792 lapides
570 2715 602 2774 et
632 2709 768 2792 sagittae
798 2709 937 2793 undique
960 2711 1195 2795 ingerebantur.
1241 2711 1310 2776 Neo

273 2809 306 2874 id
329 2811 540 2876 miserrimum
563 2811 698 2878 fortibus
722 2813 799 2878 viris
819 2821 894 2895 erat,
919 2813 976 2880 sed
1000 2815 1085 2897 quod
1100 2815 1200 2895 inulti,
1225 2812 1310 2896 quod

272 2913 411 2980 ferarum
445 2915 508 2980 ritu
541 2916 640 2981 veluti
673 2916 706 2980 in
739 2916 833 2982 fovea
867 2917 1058 3002 deprehensi
1091 2917 1309 2984 caederentur.
1349 2919 1356 2926 ’

222 3030 257 3080 2ο
275 3019 328 3083 Ira
349 3019 447 3100 igitur
468 3018 502 3083 in
524 3019 645 3084 rabiem
668 3039 762 3086 versa
782 3022 953 3087 eminentia
975 3042 1053 3088 saxa
1076 3023 1244 3108 complexi,
1276 3029 1310 3087 ut

271 3120 314 3186 ad
335 3121 461 3188 hostem
483 3124 695 3207 pervenirent,
726 3125 807 3190 alius
830 3125 927 3190 alium
950 3127 1093 3192 levantes
1116 3127 1311 3192 conabantur

271 3225 453 3290 ascendere.
493 3226 541 3290 Ea
563 3226 644 3310 ipsa,
668 3228 836 3292 multorum
860 3229 953 3294 simul
976 3229 1122 3296 manibus
1145 3231 1308 3310 convulsa,

219 3341 251 3392 21
271 3327 304 3391 in
327 3346 391 3409 eos,
427 3329 480 3411 qui
504 3338 747 3411 commoverant,
779 3331 971 3398 recidebant.
1017 3334 1086 3398 Neo
1117 3341 1201 3399 stare
1233 3353 1310 3416 ergo

271 3437 418 3514 poterant
446 3451 505 3496 nee
535 3432 601 3514 niti,
636 3453 677 3498 ne
711 3434 872 3500 testudine
908 3435 1036 3518 quidem
1066 3437 1201 3521 protegi,
1238 3457 1310 3501 oum

270 3541 378 3599 tantae
411 3535 503 3602 molis
538 3557 635 3602 onera
666 3538 879 3622 propellerent
908 3541 1045 3607 barbari.
1092 3540 1216 3625 Regem
1245 3563 1309 3607 non

272 3637 362 3701 dolor
384 3638 488 3720 modo,
520 3639 578 3704 sed
601 3641 697 3705 etiam
719 3641 822 3725 pudor
844 3649 964 3710 temere
993 3644 1027 3708 in
1049 3645 1122 3711 illas
1144 3645 1309 3729 angustias

219 3755 253 3805 22
272 3739 407 3805 coniecti
441 3743 598 3808 exercitus
631 3746 779 3826 angebat.
836 3746 977 3813 Invictus
1011 3755 1085 3814 ante
1120 3770 1190 3814 eam
1225 3749 1309 3815 diem

272 3843 383 3923 fuerat,
408 3841 486 3907 nihil
509 3842 625 3910 frustra
647 3866 759 3912 ausus:
782 3847 910 3934 impune
927 3850 1057 3916 Ciliciae
1080 3851 1191 3920 fauces
1213 3853 1308 3919 intra-
