3028 4322
322 277 325 282 ,
419 217 671 272 HISTORIARUM
688 217 902 272 ALEXANDRI
920 217 958 270 IV
976 219 1000 270 b.
1020 221 1044 270 6.
1205 216 1244 282 51

158 421 199 493 26
208 445 282 490 esse
304 431 424 489 natura.
463 423 512 490 Ob
536 424 618 488 banc
641 443 771 490 causam
786 424 969 513 Alexander
992 425 1139 504 omnium,
1164 436 1281 507 quaet

209 527 296 613 apud
329 527 452 593 hostem
481 533 678 612 gererentur,
712 527 841 610 ignarus
872 528 982 593 urbem
1013 527 1133 598 Gazam
1166 528 1248 594 obsi·

208 629 329 706 debat.¹
346 630 497 696 Praeerat
512 631 582 696 urbi
597 631 695 710 Betis,
720 631 855 696 eximiae
878 631 911 695 in
926 651 1036 714 regem
1052 650 1143 696 suum
1162 630 1245 713 fidei,

208 735 398 818 modicoque
435 736 596 820 praesidio
628 755 735 800 muros
773 735 911 818 ingentis
946 735 1050 820 operis
1087 736 1245 801 tuebatur.

208 839 391 905 Alexander
420 839 588 904 aestimato
618 841 760 904 locorum
790 839 853 904 situ
874 839 929 922 agi
951 839 1113 906 cuniculos
1143 839 1282 922 iussit,8

208 943 294 1008 facili
317 965 355 1009 ac
378 944 441 1010 levi
470 943 566 1009 humo
595 950 782 1028 acceptante
812 945 970 1009 occultum
1000 964 1097 1029 opus:
1128 945 1246 1029 quippe

207 1048 338 1112 multam
360 1047 511 1112 harenam
534 1046 674 1113 vicinum
696 1068 784 1112 mare
807 1047 936 1128 evomit,
963 1067 1022 1112 nec
1046 1067 1125 1112 saxa
1148 1053 1246 1112 cotes·

207 1171 277 1232 que,
312 1165 394 1234 quae
424 1137 627 1235 interpellent
658 1171 782 1236 specus,
819 1152 955 1216 obstant.
1001 1151 1103 1234 Igitur
1137 1152 1178 1216 ab
1208 1163 1281 1216 eae

206 1262 305 1339 parte,
330 1275 424 1338 quam
440 1255 592 1340 oppidani
608 1255 792 1340 conspicere
815 1274 878 1320 non
893 1261 1032 1340 possent,
1050 1275 1129 1339 opus
1145 1275 1245 1337 orsus,

205 1365 240 1424 ut
261 1379 282 1423 a
304 1379 399 1424 sensu
423 1359 491 1424 eius
513 1365 681 1440 averteret,
714 1365 817 1424 turres
840 1358 938 1424 muris
961 1359 1126 1424 admoveri
1149 1359 1245 1425 iubet.

206 1461 272 1528 Sed
287 1461 400 1528 eadem
423 1462 547 1544 humus,
571 1463 737 1528 movendis
760 1462 880 1528 inutilis
903 1462 1053 1544 turribus,
1077 1461 1245 1528 desidente

205 1568 317 1632 sabulo
338 1567 515 1650 agilitatem
544 1574 685 1632 rotarum
716 1573 839 1632 morata
864 1565 920 1651 [et]
945 1567 1088 1632 tabulata
1113 1567 1245 1632 turrium

204 1670 431 1756 perfringebat,
459 1671 613 1754 multique
635 1671 880 1736 vulnerabantur
903 1671 1039 1754 impune,
1064 1691 1136 1736 cum
1159 1670 1244 1735 idem

204 1774 395 1860 recipiendis
418 1775 472 1857 qui
495 1773 703 1840 admovendis
730 1774 868 1839 turribus
892 1774 981 1839 labor
1004 1794 1059 1839 eos
1083 1773 1242 1857 fatigaret.

203 1882 291 1962 Ergo
324 1878 467 1964 receptui
501 1878 594 1962 signo
627 1879 703 1944 dato
737 1886 863 1963 postero
898 1878 951 1943 die
984 1897 1092 1943 muros
1127 1899 1244 1943 corona
1265 1892 1297 1941 10

204 1981 393 2048 circumdari
419 1981 520 2046 iussit.
566 1979 705 2064 O1toque
736 1983 812 2062 sole,
844 1981 1028 2066 priusquam
1059 1981 1245 2046 admoveret

203 2085 387 2166 exercitum,
418 2107 511 2170 opem
535 2086 629 2151 deum
660 2105 840 2171 exposcens
872 2107 997 2152 sacrum
1028 2086 1131 2171 patrio
1157 2107 1244 2152 more

203 2191 349 2256 faciebat.
409 2189 505 2256 Forte
542 2193 779 2276 praetervolans
819 2211 934 2257 corvus
973 2192 1108 2274 glebam,
1148 2204 1293 2274 quamn

202 2295 367 2380 unguibus
392 2294 525 2376 ferebat,
554 2295 659 2360 subito
682 2294 805 2361 amisit:
836 2316 918 2380 quae
942 2316 1013 2360 cum
1035 2295 1123 2378 regis
1146 2297 1243 2381 capiti

201 2399 376 2480 incidisset,
401 2400 541 2464 resoluta
564 2397 705 2480 deduxit,
730 2400 801 2483 ipsa
822 2405 929 2464 autem
950 2399 1020 2464 avis
1043 2399 1075 2462 in
1099 2400 1243 2484 proxima

202 2511 286 2569 turre
310 2503 463 2568 consedit
511 2503 596 2568 Illita
620 2510 687 2568 erat
719 2503 813 2568 turris
836 2503 989 2569 bitumine
1012 2524 1050 2568 ac
1073 2503 1241 2589 sulphure:

201 2609 233 2672 in
267 2628 331 2692 qua
353 2608 414 2674 alis
438 2607 654 2690 haerentibus,
681 2607 801 2674 frustra
825 2629 859 2674 se
886 2609 1027 2674 allevare
1058 2616 1243 2694 conatus,a

201 2713 483 2778 circumstantibus
506 2711 639 2796 capitur.
686 2713 795 2795 Digna
817 2733 869 2778 res
891 2713 969 2794 visa,
999 2710 1039 2777 de
1062 2732 1126 2794 qua
1148 2720 1240 2779 vates
1260 2725 1291 2774 12

201 2817 399 2882 consuleret:
429 2823 460 2881 et
483 2821 552 2881 erat
575 2814 650 2900 non,
663 2816 805 2882 intactae
827 2837 847 2880 a
869 2817 1094 2901 superstitione
1117 2817 1240 2882 mentis.

199 2921 286 3002 Ergo
321 2919 517 3001 Aristander,
554 2921 605 2984 cui
640 2919 779 2986 maxima
810 2920 890 2986 fides
924 2921 1119 2986 habebatur:
1155 2921 1265 2992 urbis.

199 3025 329 3106 quidem
359 3023 521 3090 excidium
545 3024 683 3108 augurio
714 3025 768 3089 illo
800 3025 956 3110 portendi,
989 3031 1129 3096 ceterum
1159 3025 1241 3110 peri-

199 3132 306 3197 culum
337 3153 416 3214 esse,
448 3153 490 3198 ne
513 3153 569 3197 rex
599 3133 716 3198 vulnus
746 3131 916 3216 acciperet.
962 3130 1077 3214 Itaque
1108 3127 1239 3212 monuit,

198 3259 239 3303 ne
262 3238 339 3319 quid
362 3259 400 3304 eo
424 3236 477 3303 die
499 3237 663 3323 inciperet.
709 3238 767 3301 Ille
790 3255 983 3320 quamquam
1007 3255 1103 3300 unam
1126 3237 1238 3300 urbem
1259 3244 1290 3293 13

198 3342 268 3422 sibi,
312 3342 481 3423 quominus
522 3362 652 3408 securus
687 3341 874 3426 Aegyptum
919 3339 1061 3420 intraret,
1111 3340 1239 3406 obstare

204 3466 303 3529 aegre
333 3444 467 3527 ferebat,
502 3453 609 3511 tamen
642 3446 747 3529 paruit
776 3444 842 3509 vati
873 3444 1066 3528 signumque
1095 3444 1239 3527 receptui

147 3547 301 3621 accedit.
347 3549 430 3614 Hinc
460 3550 584 3615 animus
615 3549 715 3613 crevit
746 3548 894 3628 obsessis,
930 3546 1116 3629 egressique
1146 3555 1239 3632 porta

197 3655 422 3722 recedentibus
444 3656 586 3720 inferunt
609 3655 710 3739 signa,
736 3653 970 3718 cunctationem
986 3652 1125 3718 hostium
1148 3673 1238 3718 suam

197 3759 265 3824 fore
302 3760 504 3825 occasionem
542 3759 612 3824 rati.
660 3757 724 3823 Sed
760 3758 865 3822 acrius
903 3778 999 3839 quam
1037 3757 1235 3822 constantius
1257 3767 1289 3816 14

195 3864 352 3948 proelium
367 3864 522 3930 inierunt:
546 3863 666 3948 quippe
682 3870 717 3928 ut
729 3860 938 3928 Macedonum
955 3861 1049 3944 signa
1064 3860 1238 3942 circumagi

1099 3983 1131 4034 4*
