3028 4322
409 216 661 272 HISTORIARUM
679 215 894 272 ALEXANDRI
912 218 952 270 lIl
973 221 1012 270 12.
1033 220 1072 270 13.
1219 218 1261 284 29

222 425 363 505 Mardus,
388 423 454 508 qui,
477 423 520 488 ad
542 421 752 488 Parmeniona
775 421 958 507 perductus,
970 423 1092 490 litteras
1107 423 1149 490 ad
1168 425 1262 492 Alex·

221 529 357 595 andrum
393 549 414 594 a
449 526 614 612 praefecto
652 527 805 592 Damasci
849 527 965 594 missas
1001 527 1098 594 tradit
1136 528 1165 594 ei
1201 549 1262 596 neo

221 632 370 699 dubitare
400 651 481 712 eum,
514 630 591 714 quin
621 651 747 696 omnem
777 627 900 714 regiam
930 631 1162 717 supellectilem
1191 652 1264 698 curn

221 736 361 822 pecunia
381 731 530 816 traderet,
565 735 694 801 adiecit.
739 735 908 800 Parmenio
931 736 1089 801 asservari
1112 756 1150 802 eo
1174 735 1298 802 iussos

219 844 344 910 litteras
366 843 479 929 aperit,
512 839 643 925 inquis
671 847 740 905 erat
764 840 926 925 scriptum,
958 847 994 906 ut
1023 848 1146 906 mature
1169 842 1263 908 Alex·

218 948 321 1014 ander
354 949 494 1031 aliquem
531 967 572 1012 cx
609 944 745 1010 ducibus
779 944 847 1010 suis
883 945 1022 1010 mitteret
1059 964 1131 1010 cum
1164 967 1261 1012 manu

218 1041 345 1136 exigua,
378 1053 434 1116 cui
457 1051 608 1131 truderet,
639 1068 861 1135 quoecumque
883 1069 942 1114 rex
965 1068 1064 1134 penes
1086 1050 1191 1134 ipsum
1213 1071 1260 1116 re·

218 1157 372 1239 liquisset.
432 1156 546 1238 Itaque
580 1153 728 1218 Mardum
762 1152 845 1218 datis
878 1152 1047 1218 comitibus
1079 1153 1123 1218 ad
1156 1155 1259 1240 prodi-

217 1268 318 1325 torem
351 1259 490 1325 remittit.
537 1258 606 1340 llle,
632 1278 650 1322 e
673 1257 820 1322 manibus
858 1257 1102 1322 custodientium
1139 1259 1257 1344 lapsus,

216 1364 410 1429 Damascum
432 1371 507 1429 ante
528 1363 634 1428 lucem
656 1362 763 1426 intrat.
808 1361 1010 1427 Turbaverat
1038 1382 1077 1428 ea
1107 1383 1159 1428 res
1183 1364 1292 1429 Par-4

216 1467 374 1533 menionis
396 1467 546 1547 animum,
559 1464 694 1531 insidias
716 1465 868 1545 timentis,
892 1471 924 1531 et
946 1465 1092 1548 ignotum
1107 1467 1167 1533 iter
1190 1469 1259 1539 sine

216 1570 298 1636 duce
320 1590 385 1636 non
406 1569 547 1636 audebat
576 1568 712 1652 ingredi.
758 1569 917 1634 Felicitati
946 1576 1055 1634 tamen
1084 1572 1173 1656 regis
1203 1576 1252 1640 sui

216 1676 354 1742 confisus
377 1683 530 1759 agrestes,
555 1675 609 1758 qui
625 1673 724 1739 duces
739 1671 864 1740 itineris
880 1681 996 1757 essent,
1023 1676 1128 1761 excipi
1150 1677 1252 1746 iussit.

217 1780 340 1858 Quibus
362 1780 509 1846 celeriter
531 1779 668 1864 repertis
691 1785 804 1861 quarto
824 1777 876 1843 die
899 1778 942 1843 ad
964 1779 1075 1844 urbem
1099 1785 1254 1867 pervenit,

216 1884 286 1950 iam.
301 1891 464 1950 metuente
486 1884 659 1968 praefecto,
684 1903 725 1948 ue
748 1882 810 1948 sibi
832 1881 913 1948 fides
936 1883 1048 1950 habita
1071 1891 1136 1950 don
1159 1895 1256 1953 esset.

217 1988 328 2071 Igitur,
351 1989 442 2071 quasi
458 2007 572 2073 parum
594 1986 798 2052 munimentis
818 1987 929 2073 oppidi
954 1986 1066 2069 fidens,
1089 1997 1163 2056 ante
1178 1992 1289 2057 solist

215 2100 318 2158 ortum
346 2091 517 2178 pecuniam
546 2091 669 2174 regiam
699 2129 742 2138 -
771 2112 886 2174 gazam
915 2093 1034 2173 Persae
1068 2104 1184 2161 vocant
1213 2134 1256 2143 —

215 2217 288 2262 oum
311 2196 550 2282 pretiosissimis
572 2215 679 2261 rerum
701 2196 809 2261 efferri
831 2197 929 2279 iubet,
959 2197 1070 2282 fugam
1093 2200 1255 2286 simulans,

163 2295 206 2366 34
219 2322 255 2367 re
276 2323 362 2384 vera,
386 2309 421 2367 ut
443 2301 595 2387 praedam
617 2301 700 2366 hosti
723 2301 862 2368 offerret.
896 2303 996 2368 Multa
1017 2303 1104 2370 milia
1118 2304 1291 2374 virorume
1358 2353 1361 2360 Δ

215 2406 466 2490 feminarumque
489 2405 700 2472 excedentem
723 2405 841 2492 oppido
864 2407 1087 2490 sequebantur,
1112 2410 1256 2476 omnibus

214 2511 402 2577 miserabilis
435 2511 530 2576 turba
566 2517 695 2595 praeter
729 2531 810 2592 eum,
850 2511 940 2577 cuius
978 2510 1055 2577 fidei
1088 2513 1257 2580 commissa

215 2622 292 2680 erat.
330 2614 457 2700 Quippe
473 2635 536 2698 quo
551 2615 651 2680 maior
665 2613 854 2700 proditionis
874 2635 998 2681 merces
1015 2616 1105 2695 foret,
1129 2617 1256 2683 obicere

214 2717 297 2784 hosti
319 2722 452 2803 parabat
474 2719 646 2802 gratiorem
669 2719 754 2785 omni
784 2719 922 2803 pecunia
944 2719 1105 2804 praedam,
1130 2721 1255 2788 nobiles

213 2821 307 2904 viros,
332 2830 513 2908 praetorum
529 2823 626 2888 Darei
650 2822 805 2905 coniuges
827 2823 1018 2906 liberosque,
1044 2831 1174 2907 praeter
1196 2825 1254 2891 hos

215 2925 408 2994 Graecarum
431 2927 556 2993 urbium
578 2927 712 3010 legatos,
744 2946 823 3010 quos
846 2927 981 3008 Dareus,
1013 2929 1101 2994 velut
1124 2928 1157 2992 in
1180 2949 1254 2994 arce

213 3031 378 3113 tutissima,
413 3031 446 3096 in
475 3031 646 3117 proditoris
679 3031 851 3115 reliquerat
880 3031 1036 3098 manibus.
1082 3033 1289 3116 Gaugabasu

215 3135 332 3200 Persae
354 3142 470 3202 vocant
493 3135 634 3201 humeris
656 3156 753 3200 onera
775 3142 955 3219 portantes:
979 3135 1002 3200 ii
1025 3157 1096 3201 cum
1118 3139 1255 3202 biennem

212 3241 348 3306 tolerare
379 3261 441 3306 non
468 3247 600 3326 possent
624 3278 664 3288 -
688 3239 808 3326 quippe
838 3239 979 3324 procella
1010 3241 1116 3307 subito
1147 3243 1255 3308 nivem

213 3344 377 3426 effuderat,
391 3352 422 3411 et
444 3343 558 3411 humus
581 3345 706 3428 rigebat
730 3346 805 3430 gelu
827 3351 897 3410 tum
919 3346 1051 3412 astricta
1074 3384 1113 3394 -
1138 3355 1254 3429 vestes

214 3469 293 3532 quas
316 3470 388 3514 cum
411 3449 546 3534 pecunia
568 3449 747 3533 portabant,
778 3469 856 3514 auro
887 3457 919 3514 et
949 3470 1090 3536 purpura
1112 3451 1257 3534 insignes

214 3553 357 3635 induunt,
385 3554 473 3619 nullo
496 3552 667 3638 prohibere
690 3573 779 3635 auso,
804 3574 877 3619 oum
899 3555 1026 3620 fortuna
1049 3555 1136 3638 regis
1159 3556 1255 3621 etiarn

213 3657 397 3723 humillimis
419 3659 453 3723 in
476 3658 579 3742 ipsum
609 3658 771 3724 licentiam
794 3659 924 3724 faceret.
972 3661 1152 3725 Praebuere
1176 3676 1288 3743 argos

213 3761 416 3827 Parmenioni
438 3782 501 3827 non
514 3760 687 3847 spernendi
709 3763 846 3844 agminis
868 3763 1016 3848 speeiem.
1057 3763 1128 3845 Qui,
1152 3764 1252 3830 inten-

212 3866 293 3932 tiore
322 3887 398 3933 oura
427 3886 502 3932 suos
531 3867 621 3949 quasi
651 3868 693 3932 ad
727 3867 843 3932 iustum
877 3869 1031 3951 proelium
1061 3869 1171 3953 paucis
1200 3869 1252 3934 ad·
