3028 4322
407 231 659 287 HISTORIARUM
678 231 893 286 Auuxnruuu
911 233 950 284 111
968 236 992 285 2.
1198 233 1220 298 5

181 438 258 521 quit,
289 439 334 502 ‘et
366 443 401 502 tu
431 435 561 502 forsitan
595 437 706 502 audire
747 437 837 502 noles
871 444 903 503 et
937 457 1007 520 ego,
1042 438 1103 503 nisi
1133 458 1217 503 nunc

180 542 299 622 dixero,
323 541 403 606 alias
425 541 618 624 nequiquam
640 540 820 607 confitebor.
861 541 923 605 Hie
944 541 1023 606 tanti
1045 548 1217 628 apparatus
1238 559 1269 608 12

181 644 348 725 exercitus,
383 644 463 710 haec
496 651 543 710 tot
576 645 719 728 gentium
753 651 791 714 et¹
819 645 915 711 totius
946 643 1084 712 Orientis
1114 645 1218 710 excita

180 748 310 814 sedibus
333 749 398 814 suis
421 748 522 814 moles
545 747 686 814 finitimis
709 755 815 833 potest
846 769 917 814 esse
943 748 1109 814 terribilis:
1140 749 1218 814 nitet
1283 750 1286 756 '

179 874 317 939 purpura
350 873 502 936 auroque,
536 853 640 936 fulget
669 853 765 918 armis
800 860 831 918 et
862 853 1030 938 opulentia,
1067 861 1217 937 quantam

179 957 234 1041 qui
257 957 356 1022 oculis
378 977 441 1022 non
465 959 638 1038 subiecere,
662 958 775 1022 animis
799 959 965 1043 concipere
988 978 1051 1022 non
1074 966 1215 1043 possunt.

179 1061 246 1126 Sed
275 1060 485 1127 Macedonum
514 1061 609 1143 acies,
645 1067 736 1127 torva
767 1083 843 1127 sane
877 1069 909 1127 et
942 1061 1069 1143 inculta,
1105 1062 1216 1146 clipeis
1237 1079 1268 1129 13

179 1164 343 1248 hastisque
365 1165 544 1230 immobiles
568 1184 686 1231 cuneos
717 1171 749 1231 et
779 1163 921 1231 conferta
943 1166 1057 1230 robora
1079 1165 1217 1230 virorum

179 1269 269 1351 tegit.
315 1268 382 1354 Ipsi
404 1268 597 1354 phalangem
627 1276 751 1348 vocant,
781 1268 924 1355 peditum
947 1269 1060 1336 stabile
1082 1289 1216 1351 agmen:

178 1373 227 1438 vir
249 1373 326 1455 viro,
350 1373 445 1438 armis
467 1393 556 1438 arma
578 1381 722 1440 conserta
745 1381 833 1440 sunt:
864 1374 906 1439 ad
928 1380 1039 1439 nutum
1061 1374 1217 1439 monentis

178 1477 290 1542 intenti
320 1477 410 1561 sequi
441 1478 540 1562 signa,
576 1478 703 1544 ordines
733 1499 860 1544 servare
890 1478 1077 1544 didicerunt.
1124 1479 1217 1555 Quod
1237 1495 1268 1543 11

178 1581 360 1666 imperatur,
384 1602 494 1647 omnes
510 1581 698 1647 exaudiunt:
723 1583 886 1665 obsistere,
910 1582 1082 1664 circumire,
1100 1581 1217 1646 discur-

178 1705 249 1750 rere
271 1685 304 1750 in
327 1706 432 1768 cornu,
465 1693 587 1752 mutare
609 1706 751 1773 pugnam
780 1707 844 1752 non
874 1686 972 1752 duces
995 1686 1097 1769 magis
1121 1705 1215 1768 quarn

178 1789 296 1856 milites
330 1790 452 1856 callent.
500 1791 548 1856 Ac
580 1813 621 1857 ne
654 1792 722 1856 auri
754 1791 943 1875 argentique
977 1790 1081 1856 studio
1115 1791 1216 1856 teneri
1236 1809 1267 1858 15

179 1900 280 1978 putes,
310 1893 415 1960 adhuc
444 1893 499 1958 illa
529 1895 696 1980 disciplina
726 1901 911 1980 paupertate
937 1894 1089 1977 magistra
1112 1895 1215 1960 stetit:

179 1997 320 2081 fatigatis
342 1999 457 2064 humus
480 2000 584 2065 cubile
607 2007 664 2081 est,
694 2000 792 2081 cibun,
824 2021 919 2083 quem
950 2007 1106 2084 occupant
1127 2021 1216 2084 para-

178 2102 285 2183 bilem,
316 2102 417 2184 satiat,
448 2110 591 2188 tempora
614 2104 715 2169 somni
745 2104 860 2168 artiora
891 2124 985 2187 quam
1007 2103 1108 2168 noctis
1132 2109 1213 2168 sunt.

179 2207 249 2272 Iam
278 2207 424 2272 Thessali
457 2208 580 2288 equites
613 2215 645 2273 et
674 2208 856 2274 Acarnanes
886 2207 1062 2289 Aetolique,
1098 2206 1217 2273 invicta
1236 2228 1268 2277 16

178 2310 265 2376 bello
288 2331 409 2392 manus,
433 2310 551 2392 fundis,
576 2312 681 2394 credo,
707 2318 738 2376 et
760 2312 859 2377 hastis
881 2312 956 2397 igne
979 2311 1100 2376 duratis
1115 2311 1217 2396 repel-

179 2415 298 2501 lentur!
344 2415 418 2480 Pari
440 2417 552 2481 robore
575 2435 655 2500 opus
679 2422 736 2481 est.
782 2416 820 2480 In
842 2415 896 2480 illa
922 2421 1014 2500 terra,
1045 2433 1127 2496 quae
1157 2415 1215 2480 hos

179 2519 298 2603 genuit,
333 2519 451 2584 auxilia
481 2520 664 2601 quaerenda
694 2528 782 2586 sunt:
816 2528 984 2604 argentum
1006 2519 1091 2585 istud
1120 2527 1215 2602 atque

178 2643 289 2687 aurum
308 2622 351 2689 ad
368 2623 609 2690 conducendum
628 2624 761 2690 militem
780 2624 894 2690 mitte'.
907 2661 912 2672 ·
926 2625 1002 2689 Erat
1017 2624 1123 2689 Dareo
1138 2620 1215 2689 mite
1236 2642 1266 2692 17

177 2747 216 2792 ao
245 2727 410 2794 tractabile
439 2728 612 2812 ingenium,
639 2719 826 2794 meletiam
855 2737 998 2794 naturam
1028 2729 1215 2814 plerumque

179 2830 304 2896 fortuna
327 2839 549 2917 corrumperet.
589 2834 701 2914 Itaque
716 2833 856 2898 veritatis
875 2833 1042 2918 impatiens
1058 2832 1215 2916 hospitem

178 2955 217 2999 ao
233 2933 417 3019 supplicem,
434 2943 509 3000 tunc
522 2956 593 3001 cum
605 2937 742 3002 maxime
757 2936 847 3001 utilia
863 2937 1057 3016 suadentem,
1074 2935 1215 3000 abstrahi

178 3039 269 3104 iussit
290 3039 332 3104 ad
356 3039 491 3126 capitale
515 3041 714 3126 supplicium.
749 3041 818 3122 Ille,
836 3061 876 3105 ne
895 3047 963 3104 tum
979 3040 1108 3121 quidem
1123 3039 1215 3104 liber·
1235 3057 1267 3108 18

178 3143 252 3208 tatis
285 3143 409 3230 oblitus,
449 3143 601 3224 ‘Habeo',
646 3145 755 3227 inquit,
787 3146 945 3229 ‘paratum
978 3144 1086 3208 mortis
1124 3163 1215 3208 meac

179 3248 329 3313 ultorem:
368 3255 496 3333 expetet
529 3244 648 3334 poenas
686 3249 810 3315 consilii
847 3251 910 3314 mci
944 3248 1042 3333 spreti
1076 3247 1103 3312 is
1136 3247 1213 3331 ipsc,

179 3361 288 3416 contra
311 3373 406 3436 quem
427 3353 486 3418 tibi
509 3354 603 3419 suasi.
649 3355 698 3420 Tu
721 3354 860 3436 quidem,
887 3354 1015 3420 licentia
1038 3352 1129 3436 regni
1151 3359 1215 3416 tam

179 3455 283 3521 subito
306 3464 453 3539 mutatus,
474 3459 698 3525 documentum
721 3459 783 3524 eris
806 3459 951 3544 posteris,
973 3457 1125 3538 homines,
1143 3477 1215 3522 cum

179 3580 214 3626 se
236 3561 408 3645 permisere
432 3561 585 3644 fortunae,
611 3564 706 3628 etiam
728 3570 872 3628 naturam
895 3563 1081 3628 dediscere?
1126 3561 1215 3626 Haec
1235 3577 1266 3628 19

67 3721 76 3734 ,
179 3665 416 3751 vociferantem,
450 3668 563 3748 quibus
597 3668 786 3753 imperatum
819 3675 894 3749 erat,
929 3668 1083 3751 iugulant.
1137 3666 1216 3732 Sera

179 3769 295 3836 deinde
315 3771 508 3854 paenitentia
523 3771 619 3837 subiit
638 3793 756 3855 regem,
773 3791 811 3838 ac
826 3793 903 3837 vera
917 3772 1036 3836 dixisse
1052 3771 1215 3836 confessus

180 3874 308 3957 sepeliri
332 3896 404 3940 eum
426 3875 525 3941 iussit.
