<?xml version="1.0" encoding="UTF-8"?>
<!DOCTYPE html PUBLIC "-//W3C//DTD XHTML 1.0 Transitional//EN"
    "http://www.w3.org/TR/xhtml1/DTD/xhtml1-transitional.dtd">
<html xmlns="http://www.w3.org/1999/xhtml" xml:lang="en" lang="en">
 <head>
  <title>
</title>
<meta http-equiv="Content-Type" content="text/html;charset=utf-8" />
  <meta name='ocr-system' content='tesseract 3.04.00' />
  <meta name='ocr-capabilities' content='ocr_page ocr_carea ocr_par ocr_line ocrx_word'/>
</head>
<body>
  <div class='ocr_page' id='page_1' title='image "./qcurtirufihisto00stangoog_0289.png"; bbox 0 0 2976 4322; ppageno 0'>
   <div class='ocr_carea' id='block_1_1' title="bbox 288 195 941 263">
    <p class='ocr_par' dir='ltr' id='par_1_1' title="bbox 288 195 941 263">
     <span class='ocr_line' id='line_1_1' title="bbox 288 195 941 263; baseline -0.011 -5"><span class='ocrx_word' id='word_1_1' title='bbox 288 195 352 260; x_wconf 79' lang='lat'><strong>256</strong></span> <span class='ocrx_word' id='word_1_2' title='bbox 671 197 704 263; x_wconf 77' lang='lat' dir='ltr'><strong>Q.</strong></span> <span class='ocrx_word' id='word_1_3' title='bbox 723 195 941 251; x_wconf 75' lang='grc'><strong>1111111111</strong></span> 
     </span>
    </p>
   </div>
   <div class='ocr_carea' id='block_1_2' title="bbox 174 401 1484 3300">
    <p class='ocr_par' dir='ltr' id='par_1_2' title="bbox 174 401 1484 3300">
     <span class='ocr_line' id='line_1_2' title="bbox 289 401 1339 486; baseline 0.002 -20"><span class='ocrx_word' id='word_1_4' title='bbox 289 402 465 468; x_wconf 84' lang='lat' dir='ltr'><strong>domestica</strong></span> <span class='ocrx_word' id='word_1_5' title='bbox 479 401 613 468; x_wconf 86' lang='lat' dir='ltr'><strong>subvehi</strong></span> <span class='ocrx_word' id='word_1_6' title='bbox 625 423 689 466; x_wconf 93' lang='lat' dir='ltr'><strong>non</strong></span> <span class='ocrx_word' id='word_1_7' title='bbox 703 409 819 486; x_wconf 87' lang='lat' dir='ltr'><strong>potest,</strong></span> <span class='ocrx_word' id='word_1_8' title='bbox 831 401 866 466; x_wconf 92' lang='lat' dir='ltr'><strong>in</strong></span> <span class='ocrx_word' id='word_1_9' title='bbox 880 409 1047 467; x_wconf 85' lang='lat' dir='ltr'><strong>externum</strong></span> <span class='ocrx_word' id='word_1_10' title='bbox 1061 401 1339 485; x_wconf 75' lang='lat' dir='ltr'><strong>degeneravimus</strong></span> 
     </span>
     <span class='ocr_line' id='line_1_3' title="bbox 238 505 1337 588; baseline 0.001 -19"><span class='ocrx_word' id='word_1_11' title='bbox 238 521 268 569; x_wconf 94' lang='grc'><strong>11</strong></span> <span class='ocrx_word' id='word_1_12' title='bbox 288 505 415 570; x_wconf 91' lang='lat' dir='ltr'><strong>cultum</strong></span> <span class='ocrx_word' id='word_1_13' title='bbox 461 505 566 583; x_wconf 84' lang='lat' dir='ltr'><strong>Quoto</strong></span> <span class='ocrx_word' id='word_1_14' title='bbox 589 506 705 588; x_wconf 89' lang='lat' dir='ltr'><strong>cuique</strong></span> <span class='ocrx_word' id='word_1_15' title='bbox 727 505 827 570; x_wconf 87' lang='lat' dir='ltr'><strong>lorica</strong></span> <span class='ocrx_word' id='word_1_16' title='bbox 850 506 924 572; x_wconf 86' lang='lat' dir='ltr'><strong>est?</strong></span> <span class='ocrx_word' id='word_1_17' title='bbox 968 505 1039 588; x_wconf 88' lang='lat' dir='ltr'><strong>quis</strong></span> <span class='ocrx_word' id='word_1_18' title='bbox 1065 525 1184 588; x_wconf 87' lang='lat' dir='ltr'><strong>equum</strong></span> <span class='ocrx_word' id='word_1_19' title='bbox 1206 506 1337 572; x_wconf 85' lang='lat' dir='ltr'><strong>babet?</strong></span> 
     </span>
     <span class='ocr_line' id='line_1_4' title="bbox 287 609 1337 695; baseline 0.002 -23"><span class='ocrx_word' id='word_1_20' title='bbox 287 609 365 675; x_wconf 90' lang='lat' dir='ltr'><strong>lube</strong></span> <span class='ocrx_word' id='word_1_21' title='bbox 388 611 508 692; x_wconf 85' lang='lat' dir='ltr'><strong>quaeri,</strong></span> <span class='ocrx_word' id='word_1_22' title='bbox 531 629 627 692; x_wconf 91' lang='lat' dir='ltr'><strong>qnam</strong></span> <span class='ocrx_word' id='word_1_23' title='bbox 649 611 765 674; x_wconf 89' lang='lat' dir='ltr'><strong>multos</strong></span> <span class='ocrx_word' id='word_1_24' title='bbox 791 610 876 676; x_wconf 81' lang='lat' dir='ltr'><strong>servi</strong></span> <span class='ocrx_word' id='word_1_25' title='bbox 898 610 1040 695; x_wconf 92' lang='lat' dir='ltr'><strong>ipsorum</strong></span> <span class='ocrx_word' id='word_1_26' title='bbox 1071 611 1232 694; x_wconf 77' lang='lat' dir='ltr'><strong>persecuti</strong></span> <span class='ocrx_word' id='word_1_27' title='bbox 1255 609 1337 691; x_wconf 88' lang='lat' dir='ltr'><strong>sint,</strong></span> 
     </span>
     <span class='ocr_line' id='line_1_5' title="bbox 287 712 1337 798; baseline 0.001 -20"><span class='ocrx_word' id='word_1_28' title='bbox 287 713 364 796; x_wconf 93' lang='lat' dir='ltr'><strong>quid</strong></span> <span class='ocrx_word' id='word_1_29' title='bbox 400 715 514 797; x_wconf 89' lang='lat' dir='ltr'><strong>cuique</strong></span> <span class='ocrx_word' id='word_1_30' title='bbox 551 714 688 798; x_wconf 86' lang='lat' dir='ltr'><strong>supersit</strong></span> <span class='ocrx_word' id='word_1_31' title='bbox 724 734 765 779; x_wconf 80' lang='lat' dir='ltr'><strong>cx</strong></span> <span class='ocrx_word' id='word_1_32' title='bbox 803 712 934 798; x_wconf 75' lang='lat' dir='ltr'><strong>praeda</strong></span> <span class='ocrx_word' id='word_1_33' title='bbox 1002 712 1154 778; x_wconf 88' lang='lat' dir='ltr'><strong>Omnium</strong></span> <span class='ocrx_word' id='word_1_34' title='bbox 1190 714 1337 780; x_wconf 86' lang='lat' dir='ltr'><strong>victores</strong></span> 
     </span>
     <span class='ocr_line' id='line_1_6' title="bbox 286 814 1337 902; baseline 0.001 -20"><span class='ocrx_word' id='word_1_35' title='bbox 286 814 427 882; x_wconf 92' lang='lat' dir='ltr'><strong>omnium</strong></span> <span class='ocrx_word' id='word_1_36' title='bbox 449 820 560 902; x_wconf 84' lang='lat' dir='ltr'><strong>inopes</strong></span> <span class='ocrx_word' id='word_1_37' title='bbox 579 838 710 888; x_wconf 71' lang='lat' dir='ltr'><strong>snmus,</strong></span> <span class='ocrx_word' id='word_1_38' title='bbox 733 818 802 883; x_wconf 90' lang='lat' dir='ltr'><strong>Nec</strong></span> <span class='ocrx_word' id='word_1_39' title='bbox 817 817 942 882; x_wconf 83' lang='lat' dir='ltr'><strong>luxuria</strong></span> <span class='ocrx_word' id='word_1_40' title='bbox 957 816 1148 898; x_wconf 80' lang='lat' dir='ltr'><strong>laboramus,</strong></span> <span class='ocrx_word' id='word_1_41' title='bbox 1164 817 1223 882; x_wconf 87' lang='lat' dir='ltr'><strong>sed</strong></span> <span class='ocrx_word' id='word_1_42' title='bbox 1245 817 1337 883; x_wconf 88' lang='lat' dir='ltr'><strong>bello</strong></span> 
     </span>
     <span class='ocr_line' id='line_1_7' title="bbox 236 920 1336 1006; baseline 0.001 -21"><span class='ocrx_word' id='word_1_43' title='bbox 236 938 268 985; x_wconf 81' lang='lat'><strong>12</strong></span> <span class='ocrx_word' id='word_1_44' title='bbox 286 921 496 987; x_wconf 87' lang='lat' dir='ltr'><strong>instrumenta</strong></span> <span class='ocrx_word' id='word_1_45' title='bbox 518 922 595 987; x_wconf 87' lang='lat' dir='ltr'><strong>belli</strong></span> <span class='ocrx_word' id='word_1_46' title='bbox 610 923 872 1006; x_wconf 87' lang='lat' dir='ltr'><strong>consumpsimus.</strong></span> <span class='ocrx_word' id='word_1_47' title='bbox 918 921 1013 986; x_wconf 87' lang='lat' dir='ltr'><strong>Hunc</strong></span> <span class='ocrx_word' id='word_1_48' title='bbox 1028 929 1063 985; x_wconf 88' lang='lat' dir='ltr'><strong>tn</strong></span> <span class='ocrx_word' id='word_1_49' title='bbox 1082 920 1336 1006; x_wconf 88' lang='lat' dir='ltr'><strong>pulcherrimum</strong></span> 
     </span>
     <span class='ocr_line' id='line_1_8' title="bbox 174 1025 1338 1107; baseline 0.002 -19"><span class='ocrx_word' id='word_1_50' title='bbox 174 1081 178 1088; x_wconf 88' lang='lat'>.</span> <span class='ocrx_word' id='word_1_51' title='bbox 286 1026 460 1092; x_wconf 83' lang='lat' dir='ltr'><strong>exercitum</strong></span> <span class='ocrx_word' id='word_1_52' title='bbox 493 1026 613 1090; x_wconf 91' lang='lat' dir='ltr'><strong>nudum</strong></span> <span class='ocrx_word' id='word_1_53' title='bbox 646 1026 766 1091; x_wconf 89' lang='lat' dir='ltr'><strong>obicies</strong></span> <span class='ocrx_word' id='word_1_54' title='bbox 800 1025 928 1091; x_wconf 85' lang='lat' dir='ltr'><strong>beluis?</strong></span> <span class='ocrx_word' id='word_1_55' title='bbox 980 1046 1113 1107; x_wconf 90' lang='lat' dir='ltr'><strong>quarum</strong></span> <span class='ocrx_word' id='word_1_56' title='bbox 1158 1033 1194 1090; x_wconf 91' lang='lat' dir='ltr'><strong>ut</strong></span> <span class='ocrx_word' id='word_1_57' title='bbox 1227 1027 1338 1090; x_wconf 93' lang='lat' dir='ltr'><strong>multi-</strong></span> 
     </span>
     <span class='ocr_line' id='line_1_9' title="bbox 286 1129 1333 1214; baseline 0 -19"><span class='ocrx_word' id='word_1_58' title='bbox 286 1130 430 1196; x_wconf 88' lang='lat' dir='ltr'><strong>tudinem</strong></span> <span class='ocrx_word' id='word_1_59' title='bbox 459 1137 600 1214; x_wconf 84' lang='lat' dir='ltr'><strong>augeant</strong></span> <span class='ocrx_word' id='word_1_60' title='bbox 622 1130 663 1194; x_wconf 88' lang='lat' dir='ltr'><strong>de</strong></span> <span class='ocrx_word' id='word_1_61' title='bbox 693 1129 848 1194; x_wconf 86' lang='lat' dir='ltr'><strong>industria</strong></span> <span class='ocrx_word' id='word_1_62' title='bbox 877 1130 1015 1210; x_wconf 86' lang='lat' dir='ltr'><strong>barbari,</strong></span> <span class='ocrx_word' id='word_1_63' title='bbox 1046 1149 1200 1212; x_wconf 87' lang='lat' dir='ltr'><strong>maguum</strong></span> <span class='ocrx_word' id='word_1_64' title='bbox 1222 1138 1333 1196; x_wconf 89' lang='lat' dir='ltr'><strong>tamen</strong></span> 
     </span>
     <span class='ocr_line' id='line_1_10' title="bbox 236 1233 1330 1316; baseline 0.002 -18"><span class='ocrx_word' id='word_1_65' title='bbox 236 1250 359 1300; x_wconf 81' lang='grc'><strong>131111</strong></span> <span class='ocrx_word' id='word_1_66' title='bbox 391 1255 558 1300; x_wconf 89' lang='lat' dir='ltr'><strong>nnmerum</strong></span> <span class='ocrx_word' id='word_1_67' title='bbox 590 1233 688 1300; x_wconf 90' lang='lat' dir='ltr'><strong>etiam</strong></span> <span class='ocrx_word' id='word_1_68' title='bbox 721 1254 762 1298; x_wconf 80' lang='lat' dir='ltr'><strong>ex</strong></span> <span class='ocrx_word' id='word_1_69' title='bbox 791 1233 958 1299; x_wconf 85' lang='lat' dir='ltr'><strong>mendacio</strong></span> <span class='ocrx_word' id='word_1_70' title='bbox 988 1234 1150 1316; x_wconf 87' lang='lat' dir='ltr'><strong>intellego.</strong></span> <span class='ocrx_word' id='word_1_71' title='bbox 1206 1233 1330 1311; x_wconf 80' lang='lat' dir='ltr'><strong>Quodsi</strong></span> 
     </span>
     <span class='ocr_line' id='line_1_11' title="bbox 284 1337 1332 1424; baseline 0.001 -20"><span class='ocrx_word' id='word_1_72' title='bbox 284 1339 391 1404; x_wconf 89' lang='lat' dir='ltr'><strong>adbuc</strong></span> <span class='ocrx_word' id='word_1_73' title='bbox 413 1347 583 1424; x_wconf 87' lang='lat' dir='ltr'><strong>penetrare</strong></span> <span class='ocrx_word' id='word_1_74' title='bbox 605 1339 638 1404; x_wconf 94' lang='lat' dir='ltr'><strong>in</strong></span> <span class='ocrx_word' id='word_1_75' title='bbox 661 1337 787 1403; x_wconf 89' lang='lat' dir='ltr'><strong>Indiam</strong></span> <span class='ocrx_word' id='word_1_76' title='bbox 810 1346 931 1402; x_wconf 90' lang='lat' dir='ltr'><strong>certum</strong></span> <span class='ocrx_word' id='word_1_77' title='bbox 954 1344 1012 1418; x_wconf 85' lang='lat' dir='ltr'><strong>est,</strong></span> <span class='ocrx_word' id='word_1_78' title='bbox 1038 1337 1128 1421; x_wconf 88' lang='lat' dir='ltr'><strong>regio</strong></span> <span class='ocrx_word' id='word_1_79' title='bbox 1152 1359 1173 1402; x_wconf 87' lang='lat' dir='ltr'><strong>a</strong></span> <span class='ocrx_word' id='word_1_80' title='bbox 1196 1339 1332 1405; x_wconf 90' lang='lat' dir='ltr'><strong>meridie</strong></span> 
     </span>
     <span class='ocr_line' id='line_1_12' title="bbox 284 1441 1330 1526; baseline 0 -18"><span class='ocrx_word' id='word_1_81' title='bbox 284 1444 388 1510; x_wconf 91' lang='lat' dir='ltr'><strong>minus</strong></span> <span class='ocrx_word' id='word_1_82' title='bbox 410 1452 505 1508; x_wconf 83' lang='lat' dir='ltr'><strong>vasta</strong></span> <span class='ocrx_word' id='word_1_83' title='bbox 526 1453 590 1508; x_wconf 88' lang='lat' dir='ltr'><strong>est:</strong></span> <span class='ocrx_word' id='word_1_84' title='bbox 625 1463 688 1526; x_wconf 89' lang='lat' dir='ltr'><strong>qna</strong></span> <span class='ocrx_word' id='word_1_85' title='bbox 710 1443 844 1507; x_wconf 85' lang='lat' dir='ltr'><strong>subacta</strong></span> <span class='ocrx_word' id='word_1_86' title='bbox 866 1442 976 1507; x_wconf 87' lang='lat' dir='ltr'><strong>licebit</strong></span> <span class='ocrx_word' id='word_1_87' title='bbox 998 1441 1169 1508; x_wconf 85' lang='lat' dir='ltr'><strong>decurrere</strong></span> <span class='ocrx_word' id='word_1_88' title='bbox 1191 1443 1225 1507; x_wconf 95' lang='lat' dir='ltr'><strong>in</strong></span> <span class='ocrx_word' id='word_1_89' title='bbox 1249 1443 1330 1508; x_wconf 93' lang='lat' dir='ltr'><strong>illud</strong></span> 
     </span>
     <span class='ocr_line' id='line_1_13' title="bbox 284 1547 1330 1631; baseline 0.001 -19"><span class='ocrx_word' id='word_1_90' title='bbox 284 1569 381 1629; x_wconf 89' lang='lat' dir='ltr'><strong>marc,</strong></span> <span class='ocrx_word' id='word_1_91' title='bbox 405 1547 490 1631; x_wconf 94' lang='lat' dir='ltr'><strong>quod</strong></span> <span class='ocrx_word' id='word_1_92' title='bbox 513 1547 608 1613; x_wconf 89' lang='lat' dir='ltr'><strong>rebus</strong></span> <span class='ocrx_word' id='word_1_93' title='bbox 631 1547 780 1611; x_wconf 87' lang='lat' dir='ltr'><strong>humanis</strong></span> <span class='ocrx_word' id='word_1_94' title='bbox 803 1547 972 1612; x_wconf 83' lang='lat' dir='ltr'><strong>terminum</strong></span> <span class='ocrx_word' id='word_1_95' title='bbox 988 1547 1087 1611; x_wconf 89' lang='lat' dir='ltr'><strong>voluit</strong></span> <span class='ocrx_word' id='word_1_96' title='bbox 1109 1567 1182 1612; x_wconf 89' lang='lat' dir='ltr'><strong>esse</strong></span> <span class='ocrx_word' id='word_1_97' title='bbox 1205 1555 1330 1613; x_wconf 88' lang='lat' dir='ltr'><strong>natura.</strong></span> 
     </span>
     <span class='ocr_line' id='line_1_14' title="bbox 235 1648 1332 1736; baseline 0.003 -22"><span class='ocrx_word' id='word_1_98' title='bbox 235 1650 348 1716; x_wconf 79' lang='grc'><strong>140111</strong></span> <span class='ocrx_word' id='word_1_99' title='bbox 369 1648 504 1718; x_wconf 90' lang='lat' dir='ltr'><strong>circuitu</strong></span> <span class='ocrx_word' id='word_1_100' title='bbox 526 1651 609 1736; x_wconf 87' lang='lat' dir='ltr'><strong>petis</strong></span> <span class='ocrx_word' id='word_1_101' title='bbox 632 1651 778 1734; x_wconf 85' lang='lat' dir='ltr'><strong>gloriam,</strong></span> <span class='ocrx_word' id='word_1_102' title='bbox 802 1671 885 1734; x_wconf 91' lang='lat' dir='ltr'><strong>qnae</strong></span> <span class='ocrx_word' id='word_1_103' title='bbox 908 1651 952 1714; x_wconf 89' lang='lat' dir='ltr'><strong>ad</strong></span> <span class='ocrx_word' id='word_1_104' title='bbox 973 1671 1102 1715; x_wconf 92' lang='lat' dir='ltr'><strong>manum</strong></span> <span class='ocrx_word' id='word_1_105' title='bbox 1129 1651 1235 1736; x_wconf 87' lang='lat' dir='ltr'><strong>posita</strong></span> <span class='ocrx_word' id='word_1_106' title='bbox 1258 1653 1332 1717; x_wconf 83' lang='lat' dir='ltr'><strong>est?</strong></span> 
     </span>
     <span class='ocr_line' id='line_1_15' title="bbox 284 1754 1332 1842; baseline 0.002 -22"><span class='ocrx_word' id='word_1_107' title='bbox 284 1756 338 1822; x_wconf 92' lang='lat' dir='ltr'><strong>hic</strong></span> <span class='ocrx_word' id='word_1_108' title='bbox 360 1776 487 1840; x_wconf 90' lang='lat' dir='ltr'><strong>quoque</strong></span> <span class='ocrx_word' id='word_1_109' title='bbox 517 1757 653 1821; x_wconf 89' lang='lat' dir='ltr'><strong>occurrit</strong></span> <span class='ocrx_word' id='word_1_110' title='bbox 676 1755 834 1820; x_wconf 89' lang='lat' dir='ltr'><strong>Oceanus.</strong></span> <span class='ocrx_word' id='word_1_111' title='bbox 880 1754 951 1818; x_wconf 88' lang='lat' dir='ltr'><strong>Nisi</strong></span> <span class='ocrx_word' id='word_1_112' title='bbox 981 1754 1084 1819; x_wconf 85' lang='lat' dir='ltr'><strong>mavis</strong></span> <span class='ocrx_word' id='word_1_113' title='bbox 1113 1775 1231 1836; x_wconf 85' lang='lat' dir='ltr'><strong>errare,</strong></span> <span class='ocrx_word' id='word_1_114' title='bbox 1261 1778 1332 1842; x_wconf 91' lang='lat' dir='ltr'><strong>per-</strong></span> 
     </span>
     <span class='ocr_line' id='line_1_16' title="bbox 234 1858 1333 1942; baseline 0.004 -19"><span class='ocrx_word' id='word_1_115' title='bbox 234 1875 265 1924; x_wconf 76' lang='grc'><strong>15</strong></span> <span class='ocrx_word' id='word_1_116' title='bbox 284 1861 439 1941; x_wconf 88' lang='lat' dir='ltr'><strong>venimus,</strong></span> <span class='ocrx_word' id='word_1_117' title='bbox 459 1880 522 1942; x_wconf 92' lang='lat' dir='ltr'><strong>qno</strong></span> <span class='ocrx_word' id='word_1_118' title='bbox 545 1868 601 1924; x_wconf 91' lang='grc'><strong>1111</strong></span> <span class='ocrx_word' id='word_1_119' title='bbox 615 1861 741 1924; x_wconf 85' lang='lat' dir='ltr'><strong>fortuna</strong></span> <span class='ocrx_word' id='word_1_120' title='bbox 763 1858 858 1924; x_wconf 87' lang='lat' dir='ltr'><strong>ducit.</strong></span> <span class='ocrx_word' id='word_1_121' title='bbox 907 1858 997 1922; x_wconf 88' lang='lat' dir='ltr'><strong>Haec</strong></span> <span class='ocrx_word' id='word_1_122' title='bbox 1019 1864 1125 1922; x_wconf 89' lang='lat' dir='ltr'><strong>tecum</strong></span> <span class='ocrx_word' id='word_1_123' title='bbox 1141 1880 1239 1942; x_wconf 92' lang='lat' dir='ltr'><strong>qnam</strong></span> <span class='ocrx_word' id='word_1_124' title='bbox 1262 1861 1333 1927; x_wconf 88' lang='lat' dir='ltr'><strong>sine</strong></span> 
     </span>
     <span class='ocr_line' id='line_1_17' title="bbox 284 1962 1332 2046; baseline 0.002 -16"><span class='ocrx_word' id='word_1_125' title='bbox 284 1973 317 2030; x_wconf 89' lang='lat' dir='ltr'><strong>te</strong></span> <span class='ocrx_word' id='word_1_126' title='bbox 346 1985 418 2029; x_wconf 90' lang='lat' dir='ltr'><strong>oum</strong></span> <span class='ocrx_word' id='word_1_127' title='bbox 449 1965 499 2030; x_wconf 86' lang='lat' dir='ltr'><strong>bis</strong></span> <span class='ocrx_word' id='word_1_128' title='bbox 529 1964 616 2046; x_wconf 92' lang='lat' dir='ltr'><strong>loqui</strong></span> <span class='ocrx_word' id='word_1_129' title='bbox 639 1963 746 2044; x_wconf 92' lang='lat' dir='ltr'><strong>malni,</strong></span> <span class='ocrx_word' id='word_1_130' title='bbox 777 1984 840 2027; x_wconf 91' lang='lat' dir='ltr'><strong>non</strong></span> <span class='ocrx_word' id='word_1_131' title='bbox 871 1962 917 2027; x_wconf 94' lang='lat' dir='ltr'><strong>uti</strong></span> <span class='ocrx_word' id='word_1_132' title='bbox 947 1962 1061 2026; x_wconf 89' lang='lat' dir='ltr'><strong>inirem</strong></span> <span class='ocrx_word' id='word_1_133' title='bbox 1091 1963 1332 2032; x_wconf 86' lang='lat' dir='ltr'><strong>circumstantis</strong></span> 
     </span>
     <span class='ocr_line' id='line_1_18' title="bbox 285 2067 1332 2152; baseline 0.001 -18"><span class='ocrx_word' id='word_1_134' title='bbox 285 2069 442 2134; x_wconf 83' lang='lat' dir='ltr'><strong>exercitus</strong></span> <span class='ocrx_word' id='word_1_135' title='bbox 464 2069 611 2152; x_wconf 85' lang='lat' dir='ltr'><strong>gratiam,</strong></span> <span class='ocrx_word' id='word_1_136' title='bbox 627 2067 685 2133; x_wconf 87' lang='lat' dir='ltr'><strong>sed</strong></span> <span class='ocrx_word' id='word_1_137' title='bbox 707 2075 741 2132; x_wconf 89' lang='lat' dir='ltr'><strong>ut</strong></span> <span class='ocrx_word' id='word_1_138' title='bbox 756 2087 868 2132; x_wconf 85' lang='lat' dir='ltr'><strong>vocem</strong></span> <span class='ocrx_word' id='word_1_139' title='bbox 892 2067 1088 2148; x_wconf 87' lang='lat' dir='ltr'><strong>loquentium</strong></span> <span class='ocrx_word' id='word_1_140' title='bbox 1103 2068 1210 2151; x_wconf 88' lang='lat' dir='ltr'><strong>potins</strong></span> <span class='ocrx_word' id='word_1_141' title='bbox 1234 2089 1332 2152; x_wconf 89' lang='lat' dir='ltr'><strong>qnam</strong></span> 
     </span>
     <span class='ocr_line' id='line_1_19' title="bbox 284 2170 897 2256; baseline -0.008 -17"><span class='ocrx_word' id='word_1_142' title='bbox 284 2174 442 2256; x_wconf 83' lang='lat' dir='ltr'><strong>gemitum</strong></span> <span class='ocrx_word' id='word_1_143' title='bbox 466 2172 728 2238; x_wconf 89' lang='lat' dir='ltr'><strong>murmurantium</strong></span> <span class='ocrx_word' id='word_1_144' title='bbox 750 2170 897 2235; x_wconf 73' lang='lat' dir='ltr'><strong>audires?</strong></span> 
     </span>
     <span class='ocr_line' id='line_1_20' title="bbox 235 2274 1484 2362; baseline -0.002 -17"><span class='ocrx_word' id='word_1_145' title='bbox 235 2297 267 2346; x_wconf 82' lang='grc'><strong>16</strong></span> <span class='ocrx_word' id='word_1_146' title='bbox 372 2279 417 2344; x_wconf 90' lang='lat' dir='ltr'><strong>Ut</strong></span> <span class='ocrx_word' id='word_1_147' title='bbox 438 2278 532 2344; x_wconf 84' lang='lat' dir='ltr'><strong>linem</strong></span> <span class='ocrx_word' id='word_1_148' title='bbox 555 2277 690 2342; x_wconf 87' lang='lat' dir='ltr'><strong>orationi</strong></span> <span class='ocrx_word' id='word_1_149' title='bbox 712 2275 838 2340; x_wconf 79' lang='lat' dir='ltr'><strong>Coenus</strong></span> <span class='ocrx_word' id='word_1_150' title='bbox 860 2274 1020 2358; x_wconf 84' lang='lat' dir='ltr'><strong>imposuit,</strong></span> <span class='ocrx_word' id='word_1_151' title='bbox 1047 2275 1166 2340; x_wconf 91' lang='lat' dir='ltr'><strong>clamor</strong></span> <span class='ocrx_word' id='word_1_152' title='bbox 1188 2276 1332 2362; x_wconf 92' lang='lat' dir='ltr'><strong>undique</strong></span> <span class='ocrx_word' id='word_1_153' title='bbox 1346 2279 1386 2351; x_wconf 85' lang='lat'><strong>13</strong></span> <span class='ocrx_word' id='word_1_154' title='bbox 1483 2311 1484 2320; x_wconf 47' lang='lat'>1</span> 
     </span>
     <span class='ocr_line' id='line_1_21' title="bbox 285 2377 1331 2466; baseline 0.001 -19"><span class='ocrx_word' id='word_1_155' title='bbox 285 2403 358 2447; x_wconf 87' lang='lat' dir='ltr'><strong>cum</strong></span> <span class='ocrx_word' id='word_1_156' title='bbox 388 2382 513 2466; x_wconf 88' lang='lat' dir='ltr'><strong>ploratu</strong></span> <span class='ocrx_word' id='word_1_157' title='bbox 535 2382 643 2464; x_wconf 87' lang='lat' dir='ltr'><strong>oritur,</strong></span> <span class='ocrx_word' id='word_1_158' title='bbox 674 2401 795 2464; x_wconf 87' lang='lat' dir='ltr'><strong>regem,</strong></span> <span class='ocrx_word' id='word_1_159' title='bbox 826 2384 959 2464; x_wconf 90' lang='lat' dir='ltr'><strong>patrem,</strong></span> <span class='ocrx_word' id='word_1_160' title='bbox 990 2377 1156 2444; x_wconf 92' lang='lat' dir='ltr'><strong>dominnm</strong></span> <span class='ocrx_word' id='word_1_161' title='bbox 1186 2380 1331 2448; x_wconf 87' lang='lat' dir='ltr'><strong>confusis</strong></span> 
     </span>
     <span class='ocr_line' id='line_1_22' title="bbox 237 2480 1332 2572; baseline -0.002 -18"><span class='ocrx_word' id='word_1_162' title='bbox 237 2505 269 2554; x_wconf 86' lang='lat'><strong>11</strong></span> <span class='ocrx_word' id='word_1_163' title='bbox 287 2486 515 2572; x_wconf 83' lang='lat' dir='ltr'><strong>appellantium</strong></span> <span class='ocrx_word' id='word_1_164' title='bbox 529 2486 671 2551; x_wconf 84' lang='lat' dir='ltr'><strong>vocibus.</strong></span> <span class='ocrx_word' id='word_1_165' title='bbox 717 2485 849 2566; x_wconf 85' lang='lat' dir='ltr'><strong>Iamque</strong></span> <span class='ocrx_word' id='word_1_166' title='bbox 865 2490 897 2548; x_wconf 89' lang='lat' dir='ltr'><strong>et</strong></span> <span class='ocrx_word' id='word_1_167' title='bbox 911 2481 967 2546; x_wconf 89' lang='lat' dir='ltr'><strong>alii</strong></span> <span class='ocrx_word' id='word_1_168' title='bbox 979 2480 1078 2548; x_wconf 90' lang='lat' dir='ltr'><strong>duces</strong></span> <span class='ocrx_word' id='word_1_169' title='bbox 1093 2483 1332 2571; x_wconf 89' lang='lat' dir='ltr'><strong>praecipueque</strong></span> 
     </span>
     <span class='ocr_line' id='line_1_23' title="bbox 285 2586 1332 2674; baseline 0 -18"><span class='ocrx_word' id='word_1_170' title='bbox 285 2591 435 2672; x_wconf 68' lang='lat' dir='ltr'><strong>seniores</strong></span> <span class='ocrx_word' id='word_1_171' title='bbox 460 2591 530 2674; x_wconf 84' lang='lat' dir='ltr'><strong>quis</strong></span> <span class='ocrx_word' id='word_1_172' title='bbox 554 2591 595 2655; x_wconf 93' lang='lat' dir='ltr'><strong>ob</strong></span> <span class='ocrx_word' id='word_1_173' title='bbox 618 2597 755 2654; x_wconf 87' lang='lat' dir='ltr'><strong>aetatem</strong></span> <span class='ocrx_word' id='word_1_174' title='bbox 778 2596 811 2653; x_wconf 92' lang='lat' dir='ltr'><strong>et</strong></span> <span class='ocrx_word' id='word_1_175' title='bbox 834 2587 997 2653; x_wconf 83' lang='lat' dir='ltr'><strong>excusatio</strong></span> <span class='ocrx_word' id='word_1_176' title='bbox 1019 2586 1184 2652; x_wconf 88' lang='lat' dir='ltr'><strong>honestior</strong></span> <span class='ocrx_word' id='word_1_177' title='bbox 1207 2597 1275 2654; x_wconf 87' lang='lat' dir='ltr'><strong>erat</strong></span> <span class='ocrx_word' id='word_1_178' title='bbox 1299 2598 1332 2656; x_wconf 90' lang='lat' dir='ltr'><strong>et</strong></span> 
     </span>
     <span class='ocr_line' id='line_1_24' title="bbox 233 2691 1331 2778; baseline -0.004 -14"><span class='ocrx_word' id='word_1_179' title='bbox 233 2712 266 2764; x_wconf 86' lang='lat'><strong>18</strong></span> <span class='ocrx_word' id='word_1_180' title='bbox 283 2695 455 2762; x_wconf 81' lang='lat' dir='ltr'><strong>auotoritas</strong></span> <span class='ocrx_word' id='word_1_181' title='bbox 478 2695 588 2775; x_wconf 88' lang='lat' dir='ltr'><strong>maior,</strong></span> <span class='ocrx_word' id='word_1_182' title='bbox 605 2691 718 2758; x_wconf 87' lang='lat' dir='ltr'><strong>eadem</strong></span> <span class='ocrx_word' id='word_1_183' title='bbox 742 2692 964 2777; x_wconf 81' lang='lat' dir='ltr'><strong>precabantm.</strong></span> <span class='ocrx_word' id='word_1_184' title='bbox 1009 2691 1070 2757; x_wconf 90' lang='grc'><strong>1111</strong></span> <span class='ocrx_word' id='word_1_185' title='bbox 1086 2712 1146 2756; x_wconf 90' lang='lat' dir='ltr'><strong>nec</strong></span> <span class='ocrx_word' id='word_1_186' title='bbox 1169 2694 1331 2778; x_wconf 86' lang='lat' dir='ltr'><strong>castigare</strong></span> 
     </span>
     <span class='ocr_line' id='line_1_25' title="bbox 282 2795 1331 2883; baseline -0.001 -17"><span class='ocrx_word' id='word_1_187' title='bbox 282 2801 458 2866; x_wconf 83' lang='lat' dir='ltr'><strong>obstinatos</strong></span> <span class='ocrx_word' id='word_1_188' title='bbox 491 2819 552 2864; x_wconf 88' lang='lat' dir='ltr'><strong>nec</strong></span> <span class='ocrx_word' id='word_1_189' title='bbox 585 2797 727 2880; x_wconf 88' lang='lat' dir='ltr'><strong>mitigari</strong></span> <span class='ocrx_word' id='word_1_190' title='bbox 760 2802 887 2882; x_wconf 88' lang='lat' dir='ltr'><strong>poterat</strong></span> <span class='ocrx_word' id='word_1_191' title='bbox 921 2795 1030 2860; x_wconf 89' lang='lat' dir='ltr'><strong>iratus.</strong></span> <span class='ocrx_word' id='word_1_192' title='bbox 1086 2796 1201 2879; x_wconf 88' lang='lat' dir='ltr'><strong>Itaque</strong></span> <span class='ocrx_word' id='word_1_193' title='bbox 1235 2797 1331 2883; x_wconf 87' lang='lat' dir='ltr'><strong>inops</strong></span> 
     </span>
     <span class='ocr_line' id='line_1_26' title="bbox 283 2899 1330 2984; baseline -0.001 -15"><span class='ocrx_word' id='word_1_194' title='bbox 283 2904 408 2970; x_wconf 89' lang='lat' dir='ltr'><strong>consilii</strong></span> <span class='ocrx_word' id='word_1_195' title='bbox 453 2903 582 2968; x_wconf 86' lang='lat' dir='ltr'><strong>desiluit</strong></span> <span class='ocrx_word' id='word_1_196' title='bbox 618 2923 637 2968; x_wconf 90' lang='lat' dir='ltr'><strong>e</strong></span> <span class='ocrx_word' id='word_1_197' title='bbox 677 2900 828 2966; x_wconf 88' lang='lat' dir='ltr'><strong>tribunali</strong></span> <span class='ocrx_word' id='word_1_198' title='bbox 874 2899 1022 2982; x_wconf 87' lang='lat' dir='ltr'><strong>eludique</strong></span> <span class='ocrx_word' id='word_1_199' title='bbox 1068 2900 1194 2984; x_wconf 89' lang='lat' dir='ltr'><strong>regiam</strong></span> <span class='ocrx_word' id='word_1_200' title='bbox 1225 2901 1330 2984; x_wconf 89' lang='lat' dir='ltr'><strong>iussit,</strong></span> 
     </span>
     <span class='ocr_line' id='line_1_27' title="bbox 232 3003 1331 3092; baseline -0.004 -15"><span class='ocrx_word' id='word_1_201' title='bbox 232 3026 264 3077; x_wconf 83' lang='lat'><strong>19</strong></span> <span class='ocrx_word' id='word_1_202' title='bbox 283 3009 427 3074; x_wconf 88' lang='lat' dir='ltr'><strong>omnibus</strong></span> <span class='ocrx_word' id='word_1_203' title='bbox 450 3016 577 3092; x_wconf 85' lang='lat' dir='ltr'><strong>praeter</strong></span> <span class='ocrx_word' id='word_1_204' title='bbox 598 3013 742 3072; x_wconf 86' lang='lat' dir='ltr'><strong>assuetos</strong></span> <span class='ocrx_word' id='word_1_205' title='bbox 765 3005 854 3070; x_wconf 86' lang='lat' dir='ltr'><strong>adire</strong></span> <span class='ocrx_word' id='word_1_206' title='bbox 878 3003 1055 3089; x_wconf 88' lang='lat' dir='ltr'><strong>prohibitis.</strong></span> <span class='ocrx_word' id='word_1_207' title='bbox 1103 3005 1239 3070; x_wconf 91' lang='lat' dir='ltr'><strong>Biduum</strong></span> <span class='ocrx_word' id='word_1_208' title='bbox 1263 3006 1331 3074; x_wconf 89' lang='lat' dir='ltr'><strong>irae</strong></span> 
     </span>
     <span class='ocr_line' id='line_1_28' title="bbox 282 3107 1330 3195; baseline -0.002 -17"><span class='ocrx_word' id='word_1_209' title='bbox 282 3113 392 3178; x_wconf 87' lang='lat' dir='ltr'><strong>datum</strong></span> <span class='ocrx_word' id='word_1_210' title='bbox 416 3121 472 3178; x_wconf 89' lang='lat' dir='ltr'><strong>est.</strong></span> <span class='ocrx_word' id='word_1_211' title='bbox 521 3111 629 3178; x_wconf 82' lang='lat' dir='ltr'><strong>Tertio</strong></span> <span class='ocrx_word' id='word_1_212' title='bbox 652 3110 706 3176; x_wconf 84' lang='lat' dir='ltr'><strong>die</strong></span> <span class='ocrx_word' id='word_1_213' title='bbox 721 3109 875 3195; x_wconf 85' lang='lat' dir='ltr'><strong>processit</strong></span> <span class='ocrx_word' id='word_1_214' title='bbox 899 3108 1044 3191; x_wconf 87' lang='lat' dir='ltr'><strong>erigique</strong></span> <span class='ocrx_word' id='word_1_215' title='bbox 1060 3107 1233 3174; x_wconf 89' lang='lat' dir='ltr'><strong>duodecim</strong></span> <span class='ocrx_word' id='word_1_216' title='bbox 1256 3132 1330 3176; x_wconf 86' lang='lat' dir='ltr'><strong>aras</strong></span> 
     </span>
     <span class='ocr_line' id='line_1_29' title="bbox 283 3211 1330 3300; baseline -0.002 -19"><span class='ocrx_word' id='word_1_217' title='bbox 283 3237 323 3282; x_wconf 83' lang='lat' dir='ltr'><strong>cx</strong></span> <span class='ocrx_word' id='word_1_218' title='bbox 345 3216 499 3300; x_wconf 88' lang='lat' dir='ltr'><strong>quadrato</strong></span> <span class='ocrx_word' id='word_1_219' title='bbox 522 3236 610 3295; x_wconf 82' lang='lat' dir='ltr'><strong>saxo,</strong></span> <span class='ocrx_word' id='word_1_220' title='bbox 633 3220 870 3280; x_wconf 89' lang='lat' dir='ltr'><strong>monumentum</strong></span> <span class='ocrx_word' id='word_1_221' title='bbox 893 3211 1111 3297; x_wconf 85' lang='lat' dir='ltr'><strong>expeditionis</strong></span> <span class='ocrx_word' id='word_1_222' title='bbox 1127 3233 1215 3296; x_wconf 87' lang='lat' dir='ltr'><strong>suae,</strong></span> <span class='ocrx_word' id='word_1_223' title='bbox 1229 3216 1330 3280; x_wconf 89' lang='lat' dir='ltr'><strong>muni-</strong></span> 
     </span>
    </p>
   </div>
   <div class='ocr_carea' id='block_1_3' title="bbox 229 3316 1329 3921">
    <p class='ocr_par' dir='ltr' id='par_1_3' title="bbox 229 3316 1329 3921">
     <span class='ocr_line' id='line_1_30' title="bbox 281 3316 1329 3404; baseline 0 -19"><span class='ocrx_word' id='word_1_224' title='bbox 281 3329 387 3386; x_wconf 80' lang='lat' dir='ltr'><strong>menta</strong></span> <span class='ocrx_word' id='word_1_225' title='bbox 399 3340 525 3403; x_wconf 90' lang='lat' dir='ltr'><strong>quoquc</strong></span> <span class='ocrx_word' id='word_1_226' title='bbox 536 3327 711 3385; x_wconf 86' lang='lat' dir='ltr'><strong>castrorum</strong></span> <span class='ocrx_word' id='word_1_227' title='bbox 723 3317 817 3383; x_wconf 85' lang='lat' dir='ltr'><strong>iussit</strong></span> <span class='ocrx_word' id='word_1_228' title='bbox 826 3316 956 3382; x_wconf 83' lang='lat' dir='ltr'><strong>extendi</strong></span> <span class='ocrx_word' id='word_1_229' title='bbox 969 3316 1150 3400; x_wconf 86' lang='lat' dir='ltr'><strong>cubiliaque</strong></span> <span class='ocrx_word' id='word_1_230' title='bbox 1163 3317 1329 3404; x_wconf 85' lang='lat' dir='ltr'><strong>amplioris</strong></span> 
     </span>
     <span class='ocr_line' id='line_1_31' title="bbox 282 3420 1327 3509; baseline -0.002 -19"><span class='ocrx_word' id='word_1_231' title='bbox 282 3427 402 3490; x_wconf 86' lang='lat' dir='ltr'><strong>formae</strong></span> <span class='ocrx_word' id='word_1_232' title='bbox 424 3445 519 3507; x_wconf 83' lang='lat' dir='ltr'><strong>quam</strong></span> <span class='ocrx_word' id='word_1_233' title='bbox 542 3445 599 3509; x_wconf 89' lang='lat' dir='ltr'><strong>pro</strong></span> <span class='ocrx_word' id='word_1_234' title='bbox 623 3442 790 3507; x_wconf 87' lang='lat' dir='ltr'><strong>corporum</strong></span> <span class='ocrx_word' id='word_1_235' title='bbox 812 3420 924 3485; x_wconf 85' lang='lat' dir='ltr'><strong>babitu</strong></span> <span class='ocrx_word' id='word_1_236' title='bbox 946 3420 1094 3503; x_wconf 90' lang='lat' dir='ltr'><strong>relinqui,</strong></span> <span class='ocrx_word' id='word_1_237' title='bbox 1125 3429 1160 3486; x_wconf 91' lang='lat' dir='ltr'><strong>nt</strong></span> <span class='ocrx_word' id='word_1_238' title='bbox 1185 3423 1327 3507; x_wconf 87' lang='lat' dir='ltr'><strong>speciem</strong></span> 
     </span>
     <span class='ocr_line' id='line_1_32' title="bbox 282 3524 1322 3612; baseline -0.002 -16"><span class='ocrx_word' id='word_1_239' title='bbox 282 3530 420 3596; x_wconf 89' lang='lat' dir='ltr'><strong>omnium</strong></span> <span class='ocrx_word' id='word_1_240' title='bbox 436 3535 577 3611; x_wconf 87' lang='lat' dir='ltr'><strong>augeret,</strong></span> <span class='ocrx_word' id='word_1_241' title='bbox 597 3525 775 3612; x_wconf 82' lang='lat' dir='ltr'><strong>posteritati</strong></span> <span class='ocrx_word' id='word_1_242' title='bbox 791 3524 891 3590; x_wconf 83' lang='lat' dir='ltr'><strong>fallax</strong></span> <span class='ocrx_word' id='word_1_243' title='bbox 906 3524 1095 3589; x_wconf 90' lang='lat' dir='ltr'><strong>miraculum</strong></span> <span class='ocrx_word' id='word_1_244' title='bbox 1111 3546 1322 3610; x_wconf 86' lang='lat' dir='ltr'><strong>praeparans.</strong></span> 
     </span>
     <span class='ocr_line' id='line_1_33' title="bbox 229 3627 1324 3718; baseline -0.002 -18"><span class='ocrx_word' id='word_1_245' title='bbox 229 3651 264 3700; x_wconf 84' lang='lat'><strong>20</strong></span> <span class='ocrx_word' id='word_1_246' title='bbox 369 3633 451 3698; x_wconf 86' lang='lat' dir='ltr'><strong>Hine</strong></span> <span class='ocrx_word' id='word_1_247' title='bbox 473 3639 631 3718; x_wconf 70' lang='lat' dir='ltr'><strong>repetens</strong></span> <span class='ocrx_word' id='word_1_248' title='bbox 655 3649 737 3712; x_wconf 88' lang='lat' dir='ltr'><strong>quae</strong></span> <span class='ocrx_word' id='word_1_249' title='bbox 760 3649 906 3694; x_wconf 86' lang='lat' dir='ltr'><strong>emensus</strong></span> <span class='ocrx_word' id='word_1_250' title='bbox 929 3634 1007 3710; x_wconf 87' lang='lat' dir='ltr'><strong>erat,</strong></span> <span class='ocrx_word' id='word_1_251' title='bbox 1034 3628 1078 3694; x_wconf 88' lang='lat' dir='ltr'><strong>ad</strong></span> <span class='ocrx_word' id='word_1_252' title='bbox 1100 3627 1218 3696; x_wconf 89' lang='lat' dir='ltr'><strong>flumen</strong></span> <span class='ocrx_word' id='word_1_253' title='bbox 1242 3629 1324 3698; x_wconf 86' lang='lat' dir='ltr'><strong>Aoe-</strong></span> 
     </span>
     <span class='ocr_line' id='line_1_34' title="bbox 282 3731 1323 3804; baseline -0.001 -1"><span class='ocrx_word' id='word_1_254' title='bbox 282 3737 384 3804; x_wconf 84' lang='lat' dir='ltr'><strong>sinem</strong></span> <span class='ocrx_word' id='word_1_255' title='bbox 406 3737 491 3802; x_wconf 87' lang='lat' dir='ltr'><strong>locat</strong></span> <span class='ocrx_word' id='word_1_256' title='bbox 521 3743 633 3801; x_wconf 82' lang='lat' dir='ltr'><strong>cestra</strong></span> <span class='ocrx_word' id='word_1_257' title='bbox 679 3733 731 3798; x_wconf 93' lang='lat' dir='ltr'><strong>lbi</strong></span> <span class='ocrx_word' id='word_1_258' title='bbox 761 3733 844 3798; x_wconf 88' lang='lat' dir='ltr'><strong>forte</strong></span> <span class='ocrx_word' id='word_1_259' title='bbox 867 3731 992 3799; x_wconf 81' lang='lat' dir='ltr'><strong>Coenus</strong></span> <span class='ocrx_word' id='word_1_260' title='bbox 1022 3733 1133 3798; x_wconf 92' lang='lat' dir='ltr'><strong>morbo</strong></span> <span class='ocrx_word' id='word_1_261' title='bbox 1163 3733 1323 3802; x_wconf 86' lang='lat' dir='ltr'><strong>extinctus</strong></span> 
     </span>
     <span class='ocr_line' id='line_1_35' title="bbox 283 3836 1324 3921; baseline -0.003 -13"><span class='ocrx_word' id='word_1_262' title='bbox 283 3849 347 3908; x_wconf 87' lang='lat' dir='ltr'><strong>est:</strong></span> <span class='ocrx_word' id='word_1_263' title='bbox 373 3841 461 3906; x_wconf 83' lang='lat' dir='ltr'><strong>cuius</strong></span> <span class='ocrx_word' id='word_1_264' title='bbox 491 3847 592 3904; x_wconf 90' lang='lat' dir='ltr'><strong>morte</strong></span> <span class='ocrx_word' id='word_1_265' title='bbox 624 3837 779 3921; x_wconf 89' lang='lat' dir='ltr'><strong>ingemuit</strong></span> <span class='ocrx_word' id='word_1_266' title='bbox 809 3836 939 3920; x_wconf 88' lang='lat' dir='ltr'><strong>quidem</strong></span> <span class='ocrx_word' id='word_1_267' title='bbox 967 3857 1034 3918; x_wconf 86' lang='lat' dir='ltr'><strong>rex,</strong></span> <span class='ocrx_word' id='word_1_268' title='bbox 1065 3836 1185 3903; x_wconf 83' lang='lat' dir='ltr'><strong>adiecit</strong></span> <span class='ocrx_word' id='word_1_269' title='bbox 1214 3845 1324 3905; x_wconf 86' lang='lat' dir='ltr'><strong>tamen</strong></span> 
     </span>
    </p>
   </div>
   <div class='ocr_carea' id='block_1_4' title="bbox 0 0 1492 4322">
    <p class='ocr_par' dir='ltr' id='par_1_4' title="bbox 0 0 1492 4322">
     <span class='ocr_line' id='line_1_36' title="bbox 0 0 1492 4322; baseline 0 2"><span class='ocrx_word' id='word_1_270' title='bbox 0 0 1492 4322; x_wconf 95' lang='lat' dir='ltr'><strong> </strong></span> 
     </span>
    </p>
   </div>
  </div>
 </body>
</html>
