<?xml version="1.0" encoding="UTF-8"?>
<!DOCTYPE html PUBLIC "-//W3C//DTD XHTML 1.0 Transitional//EN"
    "http://www.w3.org/TR/xhtml1/DTD/xhtml1-transitional.dtd">
<html xmlns="http://www.w3.org/1999/xhtml" xml:lang="en" lang="en">
 <head>
  <title>
</title>
<meta http-equiv="Content-Type" content="text/html;charset=utf-8" />
  <meta name='ocr-system' content='tesseract 3.04.00' />
  <meta name='ocr-capabilities' content='ocr_page ocr_carea ocr_par ocr_line ocrx_word'/>
</head>
<body>
  <div class='ocr_page' id='page_1' title='image "./qcurtirufihisto00stangoog_0221.png"; bbox 0 0 2976 4322; ppageno 0'>
   <div class='ocr_carea' id='block_1_1' title="bbox 259 111 911 234">
    <p class='ocr_par' dir='ltr' id='par_1_1' title="bbox 259 111 911 234">
     <span class='ocr_line' id='line_1_1' title="bbox 259 111 911 234; baseline -0.015 -5"><span class='ocrx_word' id='word_1_1' title='bbox 259 111 320 230; x_wconf 78' lang='lat' dir='ltr'><strong>l88</strong></span> <span class='ocrx_word' id='word_1_2' title='bbox 646 167 677 234; x_wconf 79' lang='lat' dir='ltr'><strong>Q.</strong></span> <span class='ocrx_word' id='word_1_3' title='bbox 697 167 806 221; x_wconf 83' lang='lat' dir='ltr'>CURTI</span> <span class='ocrx_word' id='word_1_4' title='bbox 824 167 911 221; x_wconf 85' lang='lat' dir='ltr'>RUFI</span> 
     </span>
    </p>
   </div>
   <div class='ocr_carea' id='block_1_2' title="bbox 209 370 1359 3889">
    <p class='ocr_par' dir='ltr' id='par_1_2' title="bbox 209 370 1359 3889">
     <span class='ocr_line' id='line_1_2' title="bbox 257 370 1301 458; baseline -0.002 -20"><span class='ocrx_word' id='word_1_5' title='bbox 257 379 289 439; x_wconf 87' lang='lat' dir='ltr'><strong>et</strong></span> <span class='ocrx_word' id='word_1_6' title='bbox 312 373 430 438; x_wconf 89' lang='lat' dir='ltr'><strong>Bactra</strong></span> <span class='ocrx_word' id='word_1_7' title='bbox 452 379 607 458; x_wconf 90' lang='lat' dir='ltr'><strong>spectant,</strong></span> <span class='ocrx_word' id='word_1_8' title='bbox 638 371 778 437; x_wconf 91' lang='lat' dir='ltr'><strong>humano</strong></span> <span class='ocrx_word' id='word_1_9' title='bbox 810 372 895 436; x_wconf 90' lang='lat' dir='ltr'><strong>cultu</strong></span> <span class='ocrx_word' id='word_1_10' title='bbox 927 370 1020 436; x_wconf 89' lang='lat' dir='ltr'><strong>haud</strong></span> <span class='ocrx_word' id='word_1_11' title='bbox 1051 371 1193 456; x_wconf 83' lang='lat' dir='ltr'><strong>disparia</strong></span> <span class='ocrx_word' id='word_1_12' title='bbox 1219 377 1301 436; x_wconf 90' lang='lat' dir='ltr'><strong>sunt.</strong></span> 
     </span>
     <span class='ocr_line' id='line_1_3' title="bbox 223 476 1303 561; baseline 0.001 -22"><span class='ocrx_word' id='word_1_13' title='bbox 223 489 238 539; x_wconf 87' lang='lat'>5</span> <span class='ocrx_word' id='word_1_14' title='bbox 257 477 382 543; x_wconf 90' lang='lat' dir='ltr'><strong>Primus</strong></span> <span class='ocrx_word' id='word_1_15' title='bbox 405 498 477 542; x_wconf 92' lang='lat' dir='ltr'><strong>cum</strong></span> <span class='ocrx_word' id='word_1_16' title='bbox 499 476 561 542; x_wconf 91' lang='lat' dir='ltr'><strong>hac</strong></span> <span class='ocrx_word' id='word_1_17' title='bbox 584 481 680 560; x_wconf 92' lang='lat' dir='ltr'><strong>gente</strong></span> <span class='ocrx_word' id='word_1_18' title='bbox 704 497 767 541; x_wconf 93' lang='lat' dir='ltr'><strong>non</strong></span> <span class='ocrx_word' id='word_1_19' title='bbox 789 477 951 561; x_wconf 85' lang='lat' dir='ltr'><strong>provisum</strong></span> <span class='ocrx_word' id='word_1_20' title='bbox 973 477 1091 540; x_wconf 91' lang='lat' dir='ltr'><strong>bellum</strong></span> <span class='ocrx_word' id='word_1_21' title='bbox 1117 476 1303 542; x_wconf 79' lang='lat' dir='ltr'><strong>Alexander</strong></span> 
     </span>
     <span class='ocr_line' id='line_1_4' title="bbox 256 579 1302 666; baseline -0.002 -20"><span class='ocrx_word' id='word_1_22' title='bbox 256 588 413 664; x_wconf 88' lang='lat' dir='ltr'><strong>gestums,</strong></span> <span class='ocrx_word' id='word_1_23' title='bbox 449 603 520 646; x_wconf 90' lang='lat' dir='ltr'><strong>cum</strong></span> <span class='ocrx_word' id='word_1_24' title='bbox 543 581 576 644; x_wconf 92' lang='lat' dir='ltr'><strong>in</strong></span> <span class='ocrx_word' id='word_1_25' title='bbox 599 587 772 666; x_wconf 88' lang='lat' dir='ltr'><strong>conspectu</strong></span> <span class='ocrx_word' id='word_1_26' title='bbox 795 580 863 645; x_wconf 89' lang='lat' dir='ltr'><strong>eius</strong></span> <span class='ocrx_word' id='word_1_27' title='bbox 886 579 1085 663; x_wconf 81' lang='lat' dir='ltr'>obequitaret</span> <span class='ocrx_word' id='word_1_28' title='bbox 1107 579 1215 660; x_wconf 89' lang='lat' dir='ltr'><strong>hostis,</strong></span> <span class='ocrx_word' id='word_1_29' title='bbox 1248 580 1302 644; x_wconf 91' lang='lat' dir='ltr'><strong>ad-</strong></span> 
     </span>
     <span class='ocr_line' id='line_1_5' title="bbox 256 684 1303 769; baseline -0.002 -19"><span class='ocrx_word' id='word_1_30' title='bbox 256 685 319 750; x_wconf 92' lang='lat' dir='ltr'><strong>huc</strong></span> <span class='ocrx_word' id='word_1_31' title='bbox 342 705 440 768; x_wconf 80' lang='lat' dir='ltr'><strong>aeger</strong></span> <span class='ocrx_word' id='word_1_32' title='bbox 463 707 504 750; x_wconf 84' lang='lat' dir='ltr'><strong>ex</strong></span> <span class='ocrx_word' id='word_1_33' title='bbox 526 685 665 765; x_wconf 87' lang='lat' dir='ltr'><strong>vulnere,</strong></span> <span class='ocrx_word' id='word_1_34' title='bbox 697 684 868 769; x_wconf 93' lang='lat' dir='ltr'><strong>praecipue</strong></span> <span class='ocrx_word' id='word_1_35' title='bbox 899 705 978 750; x_wconf 89' lang='lat' dir='ltr'><strong>voce</strong></span> <span class='ocrx_word' id='word_1_36' title='bbox 1011 684 1174 766; x_wconf 81' lang='lat' dir='ltr'><strong>dadolena,</strong></span> <span class='ocrx_word' id='word_1_37' title='bbox 1206 705 1303 767; x_wconf 91' lang='lat' dir='ltr'><strong>quam</strong></span> 
     </span>
     <span class='ocr_line' id='line_1_6' title="bbox 257 788 1302 869; baseline -0.002 -15"><span class='ocrx_word' id='word_1_38' title='bbox 257 796 289 854; x_wconf 91' lang='lat' dir='ltr'><strong>et</strong></span> <span class='ocrx_word' id='word_1_39' title='bbox 311 789 454 855; x_wconf 89' lang='lat' dir='ltr'><strong>modicus</strong></span> <span class='ocrx_word' id='word_1_40' title='bbox 484 789 574 854; x_wconf 92' lang='lat' dir='ltr'><strong>cibus</strong></span> <span class='ocrx_word' id='word_1_41' title='bbox 601 795 633 854; x_wconf 93' lang='lat' dir='ltr'><strong>et</strong></span> <span class='ocrx_word' id='word_1_42' title='bbox 664 789 798 854; x_wconf 88' lang='lat' dir='ltr'><strong>cervicis</strong></span> <span class='ocrx_word' id='word_1_43' title='bbox 829 789 1022 854; x_wconf 84' lang='lat' dir='ltr'><strong>extenuabat</strong></span> <span class='ocrx_word' id='word_1_44' title='bbox 1051 788 1149 869; x_wconf 92' lang='lat' dir='ltr'><strong>dolor,</strong></span> <span class='ocrx_word' id='word_1_45' title='bbox 1181 788 1302 853; x_wconf 90' lang='lat' dir='ltr'><strong>amicos</strong></span> 
     </span>
     <span class='ocr_line' id='line_1_7' title="bbox 223 891 1301 973; baseline 0.004 -19"><span class='ocrx_word' id='word_1_46' title='bbox 223 903 239 953; x_wconf 84' lang='lat'>6</span> <span class='ocrx_word' id='word_1_47' title='bbox 257 893 289 957; x_wconf 93' lang='lat' dir='ltr'><strong>in</strong></span> <span class='ocrx_word' id='word_1_48' title='bbox 313 893 479 958; x_wconf 88' lang='lat' dir='ltr'><strong>consilium</strong></span> <span class='ocrx_word' id='word_1_49' title='bbox 505 893 660 958; x_wconf 90' lang='lat' dir='ltr'><strong>advocari</strong></span> <span class='ocrx_word' id='word_1_50' title='bbox 682 891 779 958; x_wconf 88' lang='lat' dir='ltr'><strong>iubet.</strong></span> <span class='ocrx_word' id='word_1_51' title='bbox 825 893 980 960; x_wconf 82' lang='lat' dir='ltr'><strong>Terrebat</strong></span> <span class='ocrx_word' id='word_1_52' title='bbox 1002 913 1073 958; x_wconf 90' lang='lat' dir='ltr'><strong>eum</strong></span> <span class='ocrx_word' id='word_1_53' title='bbox 1102 913 1167 958; x_wconf 91' lang='lat' dir='ltr'><strong>non</strong></span> <span class='ocrx_word' id='word_1_54' title='bbox 1189 892 1301 973; x_wconf 85' lang='lat' dir='ltr'><strong>hostis,</strong></span> 
     </span>
     <span class='ocr_line' id='line_1_8' title="bbox 258 996 1302 1083; baseline 0 -21"><span class='ocrx_word' id='word_1_55' title='bbox 258 997 316 1063; x_wconf 91' lang='lat' dir='ltr'><strong>sed</strong></span> <span class='ocrx_word' id='word_1_56' title='bbox 353 997 504 1080; x_wconf 86' lang='lat' dir='ltr'><strong>iniquitas</strong></span> <span class='ocrx_word' id='word_1_57' title='bbox 534 997 695 1083; x_wconf 88' lang='lat' dir='ltr'><strong>temporis.</strong></span> <span class='ocrx_word' id='word_1_58' title='bbox 742 997 903 1062; x_wconf 77' lang='lat' dir='ltr'><strong>Bactriani</strong></span> <span class='ocrx_word' id='word_1_59' title='bbox 934 996 1126 1079; x_wconf 77' lang='lat' dir='ltr'><strong>defecerant,</strong></span> <span class='ocrx_word' id='word_1_60' title='bbox 1160 996 1302 1082; x_wconf 90' lang='lat' dir='ltr'><strong>Scythae</strong></span> 
     </span>
     <span class='ocr_line' id='line_1_9' title="bbox 258 1101 1302 1186; baseline 0.001 -21"><span class='ocrx_word' id='word_1_61' title='bbox 258 1101 354 1166; x_wconf 91' lang='lat' dir='ltr'><strong>etiam</strong></span> <span class='ocrx_word' id='word_1_62' title='bbox 379 1103 601 1168; x_wconf 75' lang='lat' dir='ltr'><strong>lacessebant:</strong></span> <span class='ocrx_word' id='word_1_63' title='bbox 625 1102 695 1186; x_wconf 90' lang='lat' dir='ltr'><strong>ipse</strong></span> <span class='ocrx_word' id='word_1_64' title='bbox 719 1121 782 1166; x_wconf 93' lang='lat' dir='ltr'><strong>non</strong></span> <span class='ocrx_word' id='word_1_65' title='bbox 804 1101 952 1166; x_wconf 83' lang='lat' dir='ltr'><strong>insistere</strong></span> <span class='ocrx_word' id='word_1_66' title='bbox 975 1101 1115 1182; x_wconf 88' lang='lat' dir='ltr'><strong>interra,</strong></span> <span class='ocrx_word' id='word_1_67' title='bbox 1139 1122 1203 1166; x_wconf 91' lang='lat' dir='ltr'><strong>nou</strong></span> <span class='ocrx_word' id='word_1_68' title='bbox 1219 1121 1302 1183; x_wconf 91' lang='lat' dir='ltr'><strong>equo</strong></span> 
     </span>
     <span class='ocr_line' id='line_1_10' title="bbox 224 1203 1303 1289; baseline 0.002 -23"><span class='ocrx_word' id='word_1_69' title='bbox 224 1204 343 1286; x_wconf 85' lang='lat' dir='ltr'><strong>7vehi,</strong></span> <span class='ocrx_word' id='word_1_70' title='bbox 380 1225 443 1270; x_wconf 92' lang='lat' dir='ltr'><strong>non</strong></span> <span class='ocrx_word' id='word_1_71' title='bbox 474 1204 598 1287; x_wconf 91' lang='lat' dir='ltr'><strong>docere,</strong></span> <span class='ocrx_word' id='word_1_72' title='bbox 634 1223 697 1269; x_wconf 93' lang='lat' dir='ltr'><strong>non</strong></span> <span class='ocrx_word' id='word_1_73' title='bbox 727 1203 848 1269; x_wconf 89' lang='lat' dir='ltr'><strong>hortari</strong></span> <span class='ocrx_word' id='word_1_74' title='bbox 878 1223 952 1269; x_wconf 88' lang='lat' dir='ltr'><strong>suos</strong></span> <span class='ocrx_word' id='word_1_75' title='bbox 982 1211 1116 1289; x_wconf 90' lang='lat' dir='ltr'><strong>poterat.</strong></span> <span class='ocrx_word' id='word_1_76' title='bbox 1163 1204 1303 1289; x_wconf 80' lang='lat' dir='ltr'><strong>Ancipiti</strong></span> 
     </span>
     <span class='ocr_line' id='line_1_11' title="bbox 258 1309 1302 1397; baseline 0 -23"><span class='ocrx_word' id='word_1_77' title='bbox 258 1309 400 1394; x_wconf 90' lang='lat' dir='ltr'><strong>periculo</strong></span> <span class='ocrx_word' id='word_1_78' title='bbox 425 1309 601 1394; x_wconf 88' lang='lat' dir='ltr'><strong>implicitus</strong></span> <span class='ocrx_word' id='word_1_79' title='bbox 625 1309 703 1375; x_wconf 87' lang='lat' dir='ltr'><strong>deos</strong></span> <span class='ocrx_word' id='word_1_80' title='bbox 727 1327 853 1397; x_wconf 79' lang='lat' dir='ltr'><strong>quoqne</strong></span> <span class='ocrx_word' id='word_1_81' title='bbox 876 1309 1025 1374; x_wconf 87' lang='lat' dir='ltr'><strong>incusans</strong></span> <span class='ocrx_word' id='word_1_82' title='bbox 1048 1310 1245 1392; x_wconf 81' lang='lat' dir='ltr'><strong>querebatur,</strong></span> <span class='ocrx_word' id='word_1_83' title='bbox 1267 1329 1302 1374; x_wconf 87' lang='lat' dir='ltr'><strong>se</strong></span> 
     </span>
     <span class='ocr_line' id='line_1_12' title="bbox 258 1413 1302 1497; baseline 0 -19"><span class='ocrx_word' id='word_1_84' title='bbox 258 1413 363 1479; x_wconf 90' lang='lat' dir='ltr'><strong>iacere</strong></span> <span class='ocrx_word' id='word_1_85' title='bbox 390 1433 533 1497; x_wconf 84' lang='lat' dir='ltr'><strong>segnem,</strong></span> <span class='ocrx_word' id='word_1_86' title='bbox 565 1413 656 1479; x_wconf 90' lang='lat' dir='ltr'><strong>cuius</strong></span> <span class='ocrx_word' id='word_1_87' title='bbox 682 1414 885 1479; x_wconf 89' lang='lat' dir='ltr'><strong>velocitatem</strong></span> <span class='ocrx_word' id='word_1_88' title='bbox 913 1434 1007 1479; x_wconf 92' lang='lat' dir='ltr'><strong>nemo</strong></span> <span class='ocrx_word' id='word_1_89' title='bbox 1029 1421 1124 1479; x_wconf 90' lang='lat' dir='ltr'><strong>antea</strong></span> <span class='ocrx_word' id='word_1_90' title='bbox 1146 1414 1302 1480; x_wconf 81' lang='lat' dir='ltr'><strong>valuisset</strong></span> 
     </span>
     <span class='ocr_line' id='line_1_13' title="bbox 259 1517 1302 1600; baseline 0 -18"><span class='ocrx_word' id='word_1_91' title='bbox 259 1517 418 1600; x_wconf 81' lang='lat' dir='ltr'><strong>effugere:</strong></span> <span class='ocrx_word' id='word_1_92' title='bbox 457 1517 512 1582; x_wconf 84' lang='lat' dir='ltr'><strong>vix</strong></span> <span class='ocrx_word' id='word_1_93' title='bbox 543 1537 618 1582; x_wconf 88' lang='lat' dir='ltr'><strong>suos</strong></span> <span class='ocrx_word' id='word_1_94' title='bbox 652 1517 782 1582; x_wconf 89' lang='lat' dir='ltr'><strong>credere</strong></span> <span class='ocrx_word' id='word_1_95' title='bbox 815 1537 879 1582; x_wconf 93' lang='lat' dir='ltr'><strong>non</strong></span> <span class='ocrx_word' id='word_1_96' title='bbox 913 1517 1053 1582; x_wconf 90' lang='lat' dir='ltr'><strong>simulari</strong></span> <span class='ocrx_word' id='word_1_97' title='bbox 1086 1517 1302 1583; x_wconf 89' lang='lat' dir='ltr'><strong>valitudinem.</strong></span> 
     </span>
     <span class='ocr_line' id='line_1_14' title="bbox 229 1620 1359 1707; baseline 0.005 -21"><span class='ocrx_word' id='word_1_98' title='bbox 229 1625 247 1679; x_wconf 87' lang='lat'>8</span> <span class='ocrx_word' id='word_1_99' title='bbox 368 1622 427 1702; x_wconf 90' lang='lat' dir='ltr'><strong>lta,</strong></span> <span class='ocrx_word' id='word_1_100' title='bbox 444 1621 498 1704; x_wconf 93' lang='lat' dir='ltr'><strong>qui</strong></span> <span class='ocrx_word' id='word_1_101' title='bbox 521 1627 593 1707; x_wconf 91' lang='lat' dir='ltr'><strong>post</strong></span> <span class='ocrx_word' id='word_1_102' title='bbox 607 1621 749 1686; x_wconf 90' lang='lat' dir='ltr'><strong>Dareum</strong></span> <span class='ocrx_word' id='word_1_103' title='bbox 771 1621 889 1686; x_wconf 89' lang='lat' dir='ltr'><strong>victum</strong></span> <span class='ocrx_word' id='word_1_104' title='bbox 910 1621 1049 1687; x_wconf 88' lang='lat' dir='ltr'><strong>hariolos</strong></span> <span class='ocrx_word' id='word_1_105' title='bbox 1072 1629 1104 1686; x_wconf 89' lang='lat' dir='ltr'><strong>et</strong></span> <span class='ocrx_word' id='word_1_106' title='bbox 1118 1629 1209 1688; x_wconf 86' lang='lat' dir='ltr'><strong>vates</strong></span> <span class='ocrx_word' id='word_1_107' title='bbox 1228 1643 1301 1687; x_wconf 91' lang='lat' dir='ltr'><strong>con·</strong></span> <span class='ocrx_word' id='word_1_108' title='bbox 1312 1620 1359 1692; x_wconf 85' lang='grc'><strong>30</strong></span> 
     </span>
     <span class='ocr_line' id='line_1_15' title="bbox 262 1725 1304 1810; baseline -0.002 -18"><span class='ocrx_word' id='word_1_109' title='bbox 262 1726 364 1792; x_wconf 92' lang='lat' dir='ltr'><strong>sulere</strong></span> <span class='ocrx_word' id='word_1_110' title='bbox 378 1725 524 1806; x_wconf 90' lang='lat' dir='ltr'><strong>desierat,</strong></span> <span class='ocrx_word' id='word_1_111' title='bbox 541 1745 648 1804; x_wconf 86' lang='lat' dir='ltr'><strong>rursus</strong></span> <span class='ocrx_word' id='word_1_112' title='bbox 664 1725 706 1790; x_wconf 89' lang='lat' dir='ltr'><strong>ad</strong></span> <span class='ocrx_word' id='word_1_113' title='bbox 718 1725 981 1810; x_wconf 84' lang='lat' dir='ltr'><strong>superstitionem,</strong></span> <span class='ocrx_word' id='word_1_114' title='bbox 998 1725 1206 1792; x_wconf 88' lang='lat' dir='ltr'><strong>humanarum</strong></span> <span class='ocrx_word' id='word_1_115' title='bbox 1217 1747 1304 1790; x_wconf 91' lang='lat' dir='ltr'><strong>men-</strong></span> 
     </span>
     <span class='ocr_line' id='line_1_16' title="bbox 259 1828 1303 1911; baseline 0 -17"><span class='ocrx_word' id='word_1_116' title='bbox 259 1830 337 1894; x_wconf 89' lang='lat' dir='ltr'><strong>tium</strong></span> <span class='ocrx_word' id='word_1_117' title='bbox 371 1829 517 1910; x_wconf 89' lang='lat' dir='ltr'><strong>ludibria,</strong></span> <span class='ocrx_word' id='word_1_118' title='bbox 548 1829 709 1895; x_wconf 87' lang='lat' dir='ltr'><strong>revolutus</strong></span> <span class='ocrx_word' id='word_1_119' title='bbox 743 1828 971 1911; x_wconf 88' lang='lat' dir='ltr'><strong>Aristandmm,</strong></span> <span class='ocrx_word' id='word_1_120' title='bbox 1003 1830 1052 1895; x_wconf 91' lang='lat' dir='ltr'><strong>cui</strong></span> <span class='ocrx_word' id='word_1_121' title='bbox 1085 1829 1303 1896; x_wconf 89' lang='lat' dir='ltr'><strong>credulitatem</strong></span> 
     </span>
     <span class='ocr_line' id='line_1_17' title="bbox 209 1932 1302 2018; baseline -0.001 -19"><span class='ocrx_word' id='word_1_122' title='bbox 209 1979 211 1986; x_wconf 87' lang='lat'>·</span> <span class='ocrx_word' id='word_1_123' title='bbox 260 1954 351 1999; x_wconf 87' lang='lat' dir='ltr'><strong>suam</strong></span> <span class='ocrx_word' id='word_1_124' title='bbox 372 1932 550 2014; x_wconf 85' lang='lat' dir='ltr'><strong>addixerat,</strong></span> <span class='ocrx_word' id='word_1_125' title='bbox 568 1934 733 2018; x_wconf 86' lang='lat' dir='ltr'><strong>explorare</strong></span> <span class='ocrx_word' id='word_1_126' title='bbox 750 1940 897 1998; x_wconf 89' lang='lat' dir='ltr'><strong>eventum</strong></span> <span class='ocrx_word' id='word_1_127' title='bbox 912 1954 1016 1998; x_wconf 90' lang='lat' dir='ltr'><strong>rerum</strong></span> <span class='ocrx_word' id='word_1_128' title='bbox 1032 1934 1193 2001; x_wconf 87' lang='lat' dir='ltr'><strong>sacrificiis</strong></span> <span class='ocrx_word' id='word_1_129' title='bbox 1204 1935 1302 1999; x_wconf 88' lang='lat' dir='ltr'><strong>iubet.</strong></span> 
     </span>
     <span class='ocr_line' id='line_1_18' title="bbox 262 2037 1303 2122; baseline 0 -20"><span class='ocrx_word' id='word_1_130' title='bbox 262 2038 331 2102; x_wconf 91' lang='lat' dir='ltr'><strong>Mos</strong></span> <span class='ocrx_word' id='word_1_131' title='bbox 354 2045 424 2102; x_wconf 89' lang='lat' dir='ltr'><strong>crat</strong></span> <span class='ocrx_word' id='word_1_132' title='bbox 446 2037 669 2122; x_wconf 90' lang='lat' dir='ltr'><strong>haruspicibus</strong></span> <span class='ocrx_word' id='word_1_133' title='bbox 692 2043 767 2102; x_wconf 85' lang='lat' dir='ltr'><strong>exta</strong></span> <span class='ocrx_word' id='word_1_134' title='bbox 791 2037 858 2102; x_wconf 91' lang='lat' dir='ltr'><strong>sine</strong></span> <span class='ocrx_word' id='word_1_135' title='bbox 880 2058 967 2121; x_wconf 90' lang='lat' dir='ltr'><strong>rege</strong></span> <span class='ocrx_word' id='word_1_136' title='bbox 980 2044 1125 2122; x_wconf 85' lang='lat' dir='ltr'><strong>spectare</strong></span> <span class='ocrx_word' id='word_1_137' title='bbox 1149 2045 1189 2119; x_wconf 89' lang='lat' dir='ltr'><strong>et,</strong></span> <span class='ocrx_word' id='word_1_138' title='bbox 1221 2059 1303 2120; x_wconf 92' lang='lat' dir='ltr'><strong>qnae</strong></span> 
     </span>
     <span class='ocr_line' id='line_1_19' title="bbox 226 2140 1304 2228; baseline 0.002 -22"><span class='ocrx_word' id='word_1_139' title='bbox 226 2141 530 2228; x_wconf 87' lang='lat' dir='ltr'><strong>9portendcrentur,</strong></span> <span class='ocrx_word' id='word_1_140' title='bbox 577 2140 707 2207; x_wconf 89' lang='lat' dir='ltr'><strong>referre.</strong></span> <span class='ocrx_word' id='word_1_141' title='bbox 760 2142 847 2206; x_wconf 92' lang='lat' dir='ltr'><strong>Inter</strong></span> <span class='ocrx_word' id='word_1_142' title='bbox 883 2141 965 2207; x_wconf 90' lang='lat' dir='ltr'><strong>haec</strong></span> <span class='ocrx_word' id='word_1_143' title='bbox 1001 2163 1067 2224; x_wconf 87' lang='lat' dir='ltr'><strong>rex,</strong></span> <span class='ocrx_word' id='word_1_144' title='bbox 1107 2141 1181 2206; x_wconf 91' lang='lat' dir='ltr'><strong>dum</strong></span> <span class='ocrx_word' id='word_1_145' title='bbox 1217 2142 1304 2208; x_wconf 91' lang='lat' dir='ltr'><strong>fibris</strong></span> 
     </span>
     <span class='ocr_line' id='line_1_20' title="bbox 260 2245 1304 2332; baseline 0.001 -21"><span class='ocrx_word' id='word_1_146' title='bbox 260 2245 419 2332; x_wconf 90' lang='lat' dir='ltr'><strong>pecudum</strong></span> <span class='ocrx_word' id='word_1_147' title='bbox 444 2247 652 2331; x_wconf 85' lang='lat' dir='ltr'><strong>explorantur</strong></span> <span class='ocrx_word' id='word_1_148' title='bbox 682 2252 813 2312; x_wconf 87' lang='lat' dir='ltr'><strong>eventus</strong></span> <span class='ocrx_word' id='word_1_149' title='bbox 843 2246 1008 2311; x_wconf 90' lang='lat' dir='ltr'><strong>latentium</strong></span> <span class='ocrx_word' id='word_1_150' title='bbox 1029 2267 1142 2328; x_wconf 89' lang='lat' dir='ltr'><strong>rerum,</strong></span> <span class='ocrx_word' id='word_1_151' title='bbox 1173 2247 1304 2332; x_wconf 88' lang='lat' dir='ltr'><strong>propius</strong></span> 
     </span>
     <span class='ocr_line' id='line_1_21' title="bbox 262 2349 1304 2435; baseline 0 -21"><span class='ocrx_word' id='word_1_152' title='bbox 262 2350 366 2435; x_wconf 89' lang='lat' dir='ltr'><strong>ipsum</strong></span> <span class='ocrx_word' id='word_1_153' title='bbox 404 2349 570 2416; x_wconf 90' lang='lat' dir='ltr'><strong>considere</strong></span> <span class='ocrx_word' id='word_1_154' title='bbox 609 2349 728 2415; x_wconf 88' lang='lat' dir='ltr'><strong>amicos</strong></span> <span class='ocrx_word' id='word_1_155' title='bbox 764 2349 860 2432; x_wconf 88' lang='lat' dir='ltr'><strong>iubet,</strong></span> <span class='ocrx_word' id='word_1_156' title='bbox 901 2371 942 2416; x_wconf 88' lang='lat' dir='ltr'><strong>ne</strong></span> <span class='ocrx_word' id='word_1_157' title='bbox 980 2350 1179 2415; x_wconf 91' lang='lat' dir='ltr'><strong>contentione</strong></span> <span class='ocrx_word' id='word_1_158' title='bbox 1216 2349 1304 2416; x_wconf 88' lang='lat' dir='ltr'><strong>vocis</strong></span> 
     </span>
     <span class='ocr_line' id='line_1_22' title="bbox 228 2453 1304 2540; baseline 0 -22"><span class='ocrx_word' id='word_1_159' title='bbox 228 2479 229 2484; x_wconf 44' lang='lat'>¹</span> <span class='ocrx_word' id='word_1_160' title='bbox 262 2453 445 2519; x_wconf 88' lang='lat' dir='ltr'><strong>cicatricem</strong></span> <span class='ocrx_word' id='word_1_161' title='bbox 456 2453 613 2518; x_wconf 89' lang='lat' dir='ltr'><strong>infirmam</strong></span> <span class='ocrx_word' id='word_1_162' title='bbox 625 2453 730 2518; x_wconf 89' lang='lat' dir='ltr'><strong>adhuc</strong></span> <span class='ocrx_word' id='word_1_163' title='bbox 742 2460 910 2538; x_wconf 92' lang='lat' dir='ltr'><strong>rumperet.</strong></span> <span class='ocrx_word' id='word_1_164' title='bbox 935 2453 1142 2540; x_wconf 92' lang='lat' dir='ltr'><strong>Hephaesti0,</strong></span> <span class='ocrx_word' id='word_1_165' title='bbox 1157 2460 1304 2522; x_wconf 83' lang='lat' dir='ltr'><strong>Craterus</strong></span> 
     </span>
     <span class='ocr_line' id='line_1_23' title="bbox 262 2554 1305 2642; baseline 0 -20"><span class='ocrx_word' id='word_1_166' title='bbox 262 2564 295 2622; x_wconf 93' lang='lat' dir='ltr'><strong>et</strong></span> <span class='ocrx_word' id='word_1_167' title='bbox 318 2557 470 2642; x_wconf 81' lang='lat' dir='ltr'><strong>Erigyius</strong></span> <span class='ocrx_word' id='word_1_168' title='bbox 494 2565 583 2623; x_wconf 91' lang='lat' dir='ltr'><strong>erant</strong></span> <span class='ocrx_word' id='word_1_169' title='bbox 614 2578 685 2623; x_wconf 91' lang='lat' dir='ltr'><strong>cum</strong></span> <span class='ocrx_word' id='word_1_170' title='bbox 715 2557 898 2624; x_wconf 88' lang='lat' dir='ltr'><strong>custodibus</strong></span> <span class='ocrx_word' id='word_1_171' title='bbox 928 2557 960 2622; x_wconf 92' lang='lat' dir='ltr'><strong>in</strong></span> <span class='ocrx_word' id='word_1_172' title='bbox 989 2554 1228 2624; x_wconf 84' lang='lat' dir='ltr'><strong>tabernaculum</strong></span> <span class='ocrx_word' id='word_1_173' title='bbox 1250 2558 1305 2623; x_wconf 88' lang='lat' dir='ltr'><strong>ad·</strong></span> 
     </span>
     <span class='ocr_line' id='line_1_24' title="bbox 212 2661 1305 2746; baseline -0.002 -18"><span class='ocrx_word' id='word_1_174' title='bbox 212 2668 245 2718; x_wconf 90' lang='lat'><strong>10</strong></span> <span class='ocrx_word' id='word_1_175' title='bbox 262 2661 360 2728; x_wconf 89' lang='lat' dir='ltr'><strong>missi.</strong></span> <span class='ocrx_word' id='word_1_176' title='bbox 399 2663 615 2743; x_wconf 82' lang='lat' dir='ltr'><strong>&#39;Discrimen’‚</strong></span> <span class='ocrx_word' id='word_1_177' title='bbox 631 2661 742 2744; x_wconf 89' lang='lat' dir='ltr'><strong>inquit,</strong></span> <span class='ocrx_word' id='word_1_178' title='bbox 759 2663 822 2726; x_wconf 83' lang='lat' dir='ltr'><strong>‘me</strong></span> <span class='ocrx_word' id='word_1_179' title='bbox 839 2661 1007 2746; x_wconf 84' lang='lat' dir='ltr'><strong>occupavit</strong></span> <span class='ocrx_word' id='word_1_180' title='bbox 1021 2661 1151 2728; x_wconf 91' lang='lat' dir='ltr'><strong>meliore</strong></span> <span class='ocrx_word' id='word_1_181' title='bbox 1167 2661 1305 2728; x_wconf 88' lang='lat' dir='ltr'><strong>hostium</strong></span> 
     </span>
     <span class='ocr_line' id='line_1_25' title="bbox 263 2765 1303 2852; baseline 0.003 -23"><span class='ocrx_word' id='word_1_182' title='bbox 263 2786 358 2847; x_wconf 88' lang='lat' dir='ltr'><strong>quarn</strong></span> <span class='ocrx_word' id='word_1_183' title='bbox 381 2786 453 2830; x_wconf 93' lang='lat' dir='ltr'><strong>meo</strong></span> <span class='ocrx_word' id='word_1_184' title='bbox 476 2772 628 2851; x_wconf 91' lang='lat' dir='ltr'><strong>tempore.</strong></span> <span class='ocrx_word' id='word_1_185' title='bbox 675 2765 740 2832; x_wconf 85' lang='lat' dir='ltr'><strong>Sed</strong></span> <span class='ocrx_word' id='word_1_186' title='bbox 762 2766 936 2831; x_wconf 89' lang='lat' dir='ltr'><strong>necessitas</strong></span> <span class='ocrx_word' id='word_1_187' title='bbox 966 2772 1040 2830; x_wconf 87' lang='lat' dir='ltr'><strong>ante</strong></span> <span class='ocrx_word' id='word_1_188' title='bbox 1069 2767 1224 2852; x_wconf 86' lang='lat' dir='ltr'><strong>rationem</strong></span> <span class='ocrx_word' id='word_1_189' title='bbox 1247 2773 1303 2847; x_wconf 88' lang='lat' dir='ltr'><strong>est,</strong></span> 
     </span>
     <span class='ocr_line' id='line_1_26' title="bbox 262 2868 1304 2955; baseline 0.002 -23"><span class='ocrx_word' id='word_1_190' title='bbox 262 2869 400 2934; x_wconf 82' lang='lat' dir='ltr'><strong>maxime</strong></span> <span class='ocrx_word' id='word_1_191' title='bbox 422 2868 456 2934; x_wconf 93' lang='lat' dir='ltr'><strong>in</strong></span> <span class='ocrx_word' id='word_1_192' title='bbox 478 2870 572 2951; x_wconf 91' lang='lat' dir='ltr'><strong>bello,</strong></span> <span class='ocrx_word' id='word_1_193' title='bbox 605 2889 667 2952; x_wconf 93' lang='lat' dir='ltr'><strong>quo</strong></span> <span class='ocrx_word' id='word_1_194' title='bbox 698 2890 771 2934; x_wconf 91' lang='lat' dir='ltr'><strong>raro</strong></span> <span class='ocrx_word' id='word_1_195' title='bbox 801 2869 990 2954; x_wconf 90' lang='lat' dir='ltr'><strong>permittitur</strong></span> <span class='ocrx_word' id='word_1_196' title='bbox 1020 2876 1164 2955; x_wconf 90' lang='lat' dir='ltr'><strong>tempora</strong></span> <span class='ocrx_word' id='word_1_197' title='bbox 1186 2871 1304 2954; x_wconf 88' lang='lat' dir='ltr'><strong>legere.</strong></span> 
     </span>
     <span class='ocr_line' id='line_1_27' title="bbox 213 2971 1304 3056; baseline 0.008 -27"><span class='ocrx_word' id='word_1_198' title='bbox 213 2981 243 3030; x_wconf 91' lang='lat'><strong>11</strong></span> <span class='ocrx_word' id='word_1_199' title='bbox 264 2971 421 3038; x_wconf 89' lang='lat' dir='ltr'><strong>Defecere</strong></span> <span class='ocrx_word' id='word_1_200' title='bbox 452 2973 621 3055; x_wconf 89' lang='lat' dir='ltr'><strong>Bactriani,</strong></span> <span class='ocrx_word' id='word_1_201' title='bbox 656 2974 689 3038; x_wconf 91' lang='lat' dir='ltr'><strong>in</strong></span> <span class='ocrx_word' id='word_1_202' title='bbox 723 2994 856 3056; x_wconf 90' lang='lat' dir='ltr'><strong>quorum</strong></span> <span class='ocrx_word' id='word_1_203' title='bbox 890 2973 1065 3040; x_wconf 86' lang='lat' dir='ltr'><strong>cervicibus</strong></span> <span class='ocrx_word' id='word_1_204' title='bbox 1100 2981 1228 3055; x_wconf 89' lang='lat' dir='ltr'><strong>stamus,</strong></span> <span class='ocrx_word' id='word_1_205' title='bbox 1263 2981 1304 3056; x_wconf 89' lang='lat' dir='ltr'><strong>et,</strong></span> 
     </span>
     <span class='ocr_line' id='line_1_28' title="bbox 265 3076 1304 3162; baseline 0.002 -22"><span class='ocrx_word' id='word_1_206' title='bbox 265 3077 472 3158; x_wconf 90' lang='lat' dir='ltr'><strong>quantumin</strong></span> <span class='ocrx_word' id='word_1_207' title='bbox 502 3077 593 3143; x_wconf 88' lang='lat' dir='ltr'><strong>nobis</strong></span> <span class='ocrx_word' id='word_1_208' title='bbox 624 3077 721 3142; x_wconf 90' lang='lat' dir='ltr'><strong>animi</strong></span> <span class='ocrx_word' id='word_1_209' title='bbox 752 3077 800 3158; x_wconf 91' lang='lat' dir='ltr'><strong>sit,</strong></span> <span class='ocrx_word' id='word_1_210' title='bbox 833 3078 936 3143; x_wconf 92' lang='lat' dir='ltr'><strong>alieno</strong></span> <span class='ocrx_word' id='word_1_211' title='bbox 959 3076 1061 3143; x_wconf 88' lang='lat' dir='ltr'><strong>Marte</strong></span> <span class='ocrx_word' id='word_1_212' title='bbox 1092 3078 1304 3162; x_wconf 87' lang='lat' dir='ltr'><strong>experiuntur.</strong></span> 
     </span>
     <span class='ocr_line' id='line_1_29' title="bbox 266 3179 1306 3266; baseline 0.004 -22"><span class='ocrx_word' id='word_1_213' title='bbox 266 3179 362 3245; x_wconf 92' lang='lat' dir='ltr'><strong>Haud</strong></span> <span class='ocrx_word' id='word_1_214' title='bbox 385 3180 482 3245; x_wconf 92' lang='lat' dir='ltr'><strong>dubia</strong></span> <span class='ocrx_word' id='word_1_215' title='bbox 503 3180 639 3246; x_wconf 88' lang='lat' dir='ltr'><strong>fortuna.</strong></span> <span class='ocrx_word' id='word_1_216' title='bbox 680 3181 714 3246; x_wconf 92' lang='lat' dir='ltr'><strong>Si</strong></span> <span class='ocrx_word' id='word_1_217' title='bbox 737 3181 933 3247; x_wconf 86' lang='lat' dir='ltr'><strong>omiserimus</strong></span> <span class='ocrx_word' id='word_1_218' title='bbox 951 3181 1090 3266; x_wconf 82' lang='lat' dir='ltr'><strong>Scythas</strong></span> <span class='ocrx_word' id='word_1_219' title='bbox 1112 3181 1194 3246; x_wconf 91' lang='lat' dir='ltr'><strong>ultro</strong></span> <span class='ocrx_word' id='word_1_220' title='bbox 1218 3203 1306 3248; x_wconf 87' lang='lat' dir='ltr'><strong>arma</strong></span> 
     </span>
     <span class='ocr_line' id='line_1_30' title="bbox 264 3282 1305 3370; baseline 0.003 -23"><span class='ocrx_word' id='word_1_221' title='bbox 264 3282 446 3366; x_wconf 71' lang='lat' dir='ltr'><strong>inferentes</strong></span> <span class='ocrx_word' id='word_1_222' title='bbox 471 3286 642 3370; x_wconf 90' lang='lat' dir='ltr'><strong>contempti</strong></span> <span class='ocrx_word' id='word_1_223' title='bbox 658 3284 701 3350; x_wconf 92' lang='lat' dir='ltr'><strong>ad</strong></span> <span class='ocrx_word' id='word_1_224' title='bbox 716 3286 795 3366; x_wconf 90' lang='lat' dir='ltr'><strong>illos,</strong></span> <span class='ocrx_word' id='word_1_225' title='bbox 814 3285 867 3367; x_wconf 91' lang='lat' dir='ltr'><strong>qui</strong></span> <span class='ocrx_word' id='word_1_226' title='bbox 883 3284 1077 3367; x_wconf 85' lang='lat' dir='ltr'><strong>defecerunt,</strong></span> <span class='ocrx_word' id='word_1_227' title='bbox 1094 3293 1305 3351; x_wconf 88' lang='lat' dir='ltr'><strong>revertemur:</strong></span> 
     </span>
     <span class='ocr_line' id='line_1_31' title="bbox 215 3387 1306 3472; baseline 0.009 -26"><span class='ocrx_word' id='word_1_228' title='bbox 215 3395 247 3447; x_wconf 76' lang='lat'><strong>12</strong></span> <span class='ocrx_word' id='word_1_229' title='bbox 266 3387 292 3452; x_wconf 89' lang='grc'><strong>11</strong></span> <span class='ocrx_word' id='word_1_230' title='bbox 315 3408 391 3453; x_wconf 86' lang='lat' dir='ltr'><strong>vero</strong></span> <span class='ocrx_word' id='word_1_231' title='bbox 414 3389 536 3454; x_wconf 84' lang='lat' dir='ltr'><strong>Tanain</strong></span> <span class='ocrx_word' id='word_1_232' title='bbox 558 3389 774 3455; x_wconf 86' lang='lat' dir='ltr'><strong>transierimus</strong></span> <span class='ocrx_word' id='word_1_233' title='bbox 803 3396 835 3454; x_wconf 90' lang='lat' dir='ltr'><strong>et</strong></span> <span class='ocrx_word' id='word_1_234' title='bbox 857 3390 973 3472; x_wconf 92' lang='lat' dir='ltr'><strong>ubique</strong></span> <span class='ocrx_word' id='word_1_235' title='bbox 997 3390 1131 3457; x_wconf 84' lang='lat' dir='ltr'><strong>invictos</strong></span> <span class='ocrx_word' id='word_1_236' title='bbox 1155 3411 1225 3456; x_wconf 86' lang='grc'>6116</span> <span class='ocrx_word' id='word_1_237' title='bbox 1248 3411 1306 3456; x_wconf 88' lang='lat' dir='ltr'><strong>nos</strong></span> 
     </span>
     <span class='ocr_line' id='line_1_32' title="bbox 269 3490 1307 3577; baseline 0.002 -21"><span class='ocrx_word' id='word_1_238' title='bbox 269 3490 461 3576; x_wconf 83' lang='lat' dir='ltr'><strong>Scytharum</strong></span> <span class='ocrx_word' id='word_1_239' title='bbox 483 3493 622 3576; x_wconf 90' lang='lat' dir='ltr'><strong>pernicie</strong></span> <span class='ocrx_word' id='word_1_240' title='bbox 646 3515 684 3558; x_wconf 91' lang='lat' dir='ltr'><strong>ac</strong></span> <span class='ocrx_word' id='word_1_241' title='bbox 700 3493 855 3577; x_wconf 86' lang='lat' dir='ltr'><strong>sanguine</strong></span> <span class='ocrx_word' id='word_1_242' title='bbox 872 3494 1109 3576; x_wconf 89' lang='lat' dir='ltr'><strong>ostenderimus,</strong></span> <span class='ocrx_word' id='word_1_243' title='bbox 1134 3495 1203 3577; x_wconf 90' lang='lat' dir='ltr'><strong>quis</strong></span> <span class='ocrx_word' id='word_1_244' title='bbox 1220 3494 1307 3560; x_wconf 93' lang='lat' dir='ltr'><strong>dubi-</strong></span> 
     </span>
     <span class='ocr_line' id='line_1_33' title="bbox 216 3595 1306 3682; baseline 0.006 -27"><span class='ocrx_word' id='word_1_245' title='bbox 216 3595 347 3661; x_wconf 75' lang='lat' dir='ltr'><strong>rotabit</strong></span> <span class='ocrx_word' id='word_1_246' title='bbox 380 3616 492 3680; x_wconf 89' lang='lat' dir='ltr'><strong>parere</strong></span> <span class='ocrx_word' id='word_1_247' title='bbox 526 3596 622 3661; x_wconf 89' lang='lat' dir='ltr'><strong>etiam</strong></span> <span class='ocrx_word' id='word_1_248' title='bbox 655 3596 802 3682; x_wconf 85' lang='lat' dir='ltr'><strong>Europae</strong></span> <span class='ocrx_word' id='word_1_249' title='bbox 836 3596 1034 3664; x_wconf 83' lang='lat' dir='ltr'><strong>victoribus?</strong></span> <span class='ocrx_word' id='word_1_250' title='bbox 1079 3597 1218 3680; x_wconf 84' lang='lat' dir='ltr'><strong>Fallitur,</strong></span> <span class='ocrx_word' id='word_1_251' title='bbox 1254 3599 1306 3680; x_wconf 94' lang='lat' dir='ltr'><strong>qui</strong></span> 
     </span>
     <span class='ocr_line' id='line_1_34' title="bbox 266 3698 1305 3787; baseline 0.004 -25"><span class='ocrx_word' id='word_1_252' title='bbox 266 3699 416 3764; x_wconf 87' lang='lat' dir='ltr'><strong>terminos</strong></span> <span class='ocrx_word' id='word_1_253' title='bbox 439 3698 561 3782; x_wconf 90' lang='lat' dir='ltr'><strong>gloriae</strong></span> <span class='ocrx_word' id='word_1_254' title='bbox 584 3707 710 3766; x_wconf 90' lang='lat' dir='ltr'><strong>nostrae</strong></span> <span class='ocrx_word' id='word_1_255' title='bbox 736 3701 863 3766; x_wconf 86' lang='lat' dir='ltr'><strong>metitur</strong></span> <span class='ocrx_word' id='word_1_256' title='bbox 893 3703 1005 3787; x_wconf 91' lang='lat' dir='ltr'><strong>spatio,</strong></span> <span class='ocrx_word' id='word_1_257' title='bbox 1039 3702 1123 3786; x_wconf 91' lang='lat' dir='ltr'><strong>quod</strong></span> <span class='ocrx_word' id='word_1_258' title='bbox 1145 3701 1305 3768; x_wconf 88' lang='lat' dir='ltr'><strong>transituri</strong></span> 
     </span>
     <span class='ocr_line' id='line_1_35' title="bbox 267 3801 1306 3889; baseline 0.005 -23"><span class='ocrx_word' id='word_1_259' title='bbox 267 3821 382 3868; x_wconf 89' lang='lat' dir='ltr'><strong>sumus.</strong></span> <span class='ocrx_word' id='word_1_260' title='bbox 431 3801 521 3869; x_wconf 87' lang='lat' dir='ltr'><strong>Unus</strong></span> <span class='ocrx_word' id='word_1_261' title='bbox 555 3804 656 3870; x_wconf 88' lang='lat' dir='ltr'><strong>amnis</strong></span> <span class='ocrx_word' id='word_1_262' title='bbox 685 3801 851 3870; x_wconf 88' lang='lat' dir='ltr'><strong>interfluit:</strong></span> <span class='ocrx_word' id='word_1_263' title='bbox 887 3826 981 3889; x_wconf 90' lang='lat' dir='ltr'><strong>quem</strong></span> <span class='ocrx_word' id='word_1_264' title='bbox 1011 3807 1038 3872; x_wconf 88' lang='lat' dir='ltr'><strong>si</strong></span> <span class='ocrx_word' id='word_1_265' title='bbox 1067 3806 1239 3888; x_wconf 87' lang='lat' dir='ltr'><strong>traicimus,</strong></span> <span class='ocrx_word' id='word_1_266' title='bbox 1273 3807 1306 3871; x_wconf 89' lang='lat' dir='ltr'><strong>in</strong></span> 
     </span>
    </p>
   </div>
   <div class='ocr_carea' id='block_1_3' title="bbox 0 0 1496 4322">
    <p class='ocr_par' dir='ltr' id='par_1_3' title="bbox 0 0 1496 4322">
     <span class='ocr_line' id='line_1_36' title="bbox 0 0 1496 4322; baseline 0 0"><span class='ocrx_word' id='word_1_267' title='bbox 0 0 1496 4322; x_wconf 95' lang='lat' dir='ltr'><strong> </strong></span> 
     </span>
    </p>
   </div>
  </div>
 </body>
</html>
