2976 4322
252 178 313 243 198
643 181 673 246 Q.
693 179 801 234 CURTI
819 181 906 235 RUFI

249 387 366 451 Bactra
399 385 553 470 pervenit.
599 384 678 450 Inde
714 386 847 451 Bessum
881 387 1047 452 Ecbatana
1080 387 1154 452 duci
1186 389 1291 470 iussit,

200 505 230 556 11
249 489 416 554 interfecto
449 490 557 554 Dareo
591 509 710 573 poenas
745 490 849 574 capite
883 493 1122 576 persoluturum.
1181 492 1293 558 Isdem

250 593 324 666 fere
342 593 454 659 diebus
469 594 671 658 Ptolomaeus
694 601 726 659 et
741 594 951 660 Melamnidas
973 595 1116 682 peditum
1139 607 1179 659 ΙΙΙ
1201 597 1294 661 milia

200 717 232 766 12
251 705 283 764 et
305 697 426 781 equites
449 697 534 763 mille
557 696 767 780 adduxerunt,
790 699 938 765 mercede
961 700 1157 766 militaturos.
1189 700 1292 767 Asan-

251 802 308 868 der
330 822 455 885 quoque
478 824 519 867 ex
541 802 642 886 Lycia
671 823 743 867 cum
772 803 841 888 pari
871 824 1000 869 numero
1031 803 1173 888 peditum
1202 813 1235 871 et
1264 818 1291 870 D

251 907 408 990 equitibus
438 906 533 972 uenit.
579 906 727 972 Totidem
757 928 797 972 ex
828 907 923 991 syria
953 907 1216 993 Asclepiodorum
1243 931 1291 976 se-

251 1013 435 1095 quebantur.
474 1010 640 1095 Antipater
663 1011 856 1076 Graecorum
878 1022 943 1075 VIII
965 1013 1060 1094 milia,
1084 1014 1116 1076 in
1140 1014 1209 1096 quis
1240 1025 1289 1078 Dc

201 1133 232 1184 13
252 1117 374 1199 equites
408 1123 507 1196 erant,
542 1116 679 1180 miserat
726 1117 839 1198 Itaque
870 1117 1011 1181 exercitu
1041 1124 1134 1182 aucto
1166 1117 1209 1182 ad
1240 1140 1287 1200 ea,

251 1241 332 1304 quae
370 1219 549 1285 defectione
586 1219 713 1284 turbata
735 1227 832 1300 erant,
872 1221 1091 1304 componenda
1124 1224 1288 1306 processit,

250 1325 488 1407 interfectisque
518 1325 780 1389 consternationis
811 1325 991 1393 auctoribus
1022 1333 1133 1408 quarto
1165 1326 1216 1392 die
1247 1329 1291 1393 ad

251 1429 367 1493 flumen
398 1427 501 1493 Oxum
530 1435 717 1512 perventum
747 1435 804 1493 est.
850 1428 920 1509 Hic,
952 1429 1026 1511 quia
1055 1430 1162 1494 limum
1192 1431 1289 1513 vehit,

201 1558 234 1607 14
251 1531 394 1598 turbidus
428 1552 561 1616 semper,
596 1531 764 1596 insalubris
798 1539 847 1597 est
880 1533 976 1617 potui.
1030 1534 1142 1616 Itaque
1176 1543 1289 1619 puteos

251 1637 342 1702 miles
376 1643 526 1720 coeperat
558 1634 678 1717 fodere,
714 1657 773 1701 nec
806 1643 914 1702 tamen
947 1636 1042 1702 humo
1080 1639 1143 1702 alte
1178 1647 1291 1722 egesta

253 1741 410 1808 existebat
444 1741 563 1804 humor.
609 1738 753 1804 Tandem
785 1740 818 1804 in
855 1741 924 1824 ipso
961 1743 1166 1807 tabernaculo
1203 1743 1290 1826 regis

254 1851 442 1931 conspectus
466 1851 514 1909 est
528 1844 616 1908 fons:
641 1865 734 1927 quem
757 1845 831 1927 quia
852 1843 942 1910 tarde
965 1852 1161 1927 notaverant,
1186 1847 1289 1914 subito

255 1950 397 2016 extitisse
419 1949 585 2030 finxerunt,
608 1970 727 2032 rexque
746 1949 814 2034 ipse
838 1949 925 2014 credi
941 1951 1039 2015 voluit
1062 1951 1156 2014 deum
1173 1951 1290 2020 donum

204 2078 236 2128 15
254 2054 288 2119 id
310 2052 417 2118 fuisse.
464 2053 626 2138 Superatis
657 2053 772 2119 deinde
803 2055 947 2120 amnibus
970 2053 1059 2120 Ocho
1090 2062 1122 2120 et
1149 2055 1220 2122 Oxo
1247 2060 1290 2124 ad

254 2159 364 2224 urbem
386 2158 585 2242 Margianam
607 2159 759 2243 peruenit.
805 2159 898 2224 Oirea
920 2181 991 2225 eam
1013 2170 1052 2223 VI
1071 2159 1195 2246 oppidis
1220 2183 1290 2228 con-

255 2262 366 2328 dendis
397 2263 499 2327 electa
529 2261 621 2326 sedes
652 2270 716 2327 est:
748 2261 809 2327 duo
840 2262 882 2327 ad
911 2262 1075 2328 meridiem
1104 2284 1205 2346 versa,
1237 2277 1290 2331 1111

254 2366 432 2452 spectantia
454 2365 606 2431 orientem
628 2365 760 2431 modicis
783 2367 864 2432 inter
880 2387 914 2431 se
930 2367 1040 2450 spatiis
1055 2367 1225 2450 distabant,
1249 2393 1289 2436 ne

204 2492 236 2542 16
254 2472 365 2556 procul
375 2469 582 2556 repetendum
591 2477 675 2536 esset
683 2477 824 2535 mutuum
832 2470 993 2535 auxilium.
1017 2471 1107 2537 Haec
1116 2471 1221 2538 omnia
1229 2475 1290 2539 sita

254 2582 325 2640 sunt
340 2575 373 2639 in
385 2574 477 2640 editis
490 2575 639 2640 collibus:
662 2582 729 2640 tum
743 2577 830 2641 velut
845 2575 927 2640 freni
939 2573 1127 2640 domitarum
1138 2577 1288 2660 gentium,

253 2701 336 2746 nunc
359 2681 489 2765 originis
513 2701 589 2747 suae
612 2682 711 2746 oblita
733 2681 881 2762 serviunt,
909 2681 1022 2764 quibus
1044 2681 1287 2766 imperaverunt.

599 2851 601 2854 ,
709 2805 773 2858 ena,
793 2805 839 2858 XI.

221 2918 233 2967 1
357 2892 398 2955 Et
421 2897 528 2956 cetera
550 2890 676 2974 quidem
698 2897 871 2974 pacaverat
892 2912 958 2956 rex.
1005 2889 1077 2956 Una
1099 2897 1167 2956 erat
1189 2897 1288 2976 petra,
1301 2891 1340 2961 ll

254 3017 348 3079 quam
371 2995 533 3060 Arimazes
558 2994 738 3079 Sogdianus
758 3005 835 3058 XXX
861 2994 987 3060 milibus
1016 3002 1208 3060 armatorum
1238 2995 1291 3060 ob-

253 3101 382 3181 tinebat,
397 3100 553 3165 alimentis
576 3108 650 3164 ante
674 3099 843 3182 congestis,
868 3119 949 3181 quae
972 3105 1080 3164 tantae
1099 3097 1290 3162 multitudini

219 3207 306 3278 avel
342 3226 399 3290 per
436 3205 595 3270 biennium
633 3211 845 3288 suppeterent.
892 3204 988 3268 Petra
1023 3203 1056 3266 in
1093 3201 1291 3266 altitudinem

253 3321 327 3374 XXX
358 3311 474 3376 eminet
490 3309 601 3390 stadia,
619 3310 750 3374 circuitu
769 3318 789 3371 O
808 3315 840 3372 et
857 3318 881 3370 L
904 3307 1138 3391 complectitur:
1151 3304 1290 3388 undique

220 3437 235 3486 3
254 3415 379 3481 abscisa
402 3423 433 3480 et
456 3417 599 3500 abrupta,
624 3413 736 3479 semita
758 3419 953 3497 perangusta
975 3411 1088 3476 aditur.
1124 3411 1162 3475 In
1184 3409 1290 3474 medio

254 3519 427 3585 altitudinis
465 3519 567 3604 spatio
605 3518 703 3583 habet
740 3536 877 3602 specum,
921 3515 1008 3580 cuius
1046 3534 1081 3579 cs
1119 3520 1222 3578 artum
1259 3519 1291 3578 et

255 3623 422 3690 obscurum
467 3629 523 3703 est,
570 3622 723 3707 paulatim
760 3620 876 3686 deinde
913 3620 1062 3686 ulteriora
1100 3617 1288 3704 panduntur,

253 3728 364 3793 ultima
387 3727 483 3792 etiam
512 3729 593 3792 latos
622 3746 767 3792 recessus
797 3724 924 3790 habent.
972 3725 1089 3789 Fontes
1111 3743 1168 3807 per
1190 3729 1290 3787 totum

255 3833 322 3898 fere
346 3853 475 3917 specum
497 3839 635 3914 manant,
660 3852 677 3896 e
701 3829 812 3913 quibus
836 3830 970 3893 collatae
993 3848 1095 3910 aquae
1118 3847 1175 3912 per
1190 3847 1290 3911 prona
