2976 4322
262 233 512 288 HISTORIARUM
530 235 745 290 ALEXANDRI
763 237 827 290 VIII
846 239 870 290 6.
889 240 914 291 7.
1046 237 1110 303 223

522 441 587 496 Cn.
606 441 666 496 VH.

181 544 383 629 Stupentibus
407 545 521 610 ceteris
544 545 744 626 Hermolaus,
765 546 848 612 ‘Nos
872 549 973 628 vero’,
998 546 1143 630 inquit,1

100 647 242 729 quoniam,
265 649 355 731 quasi
380 648 516 728 nescias,
540 649 674 731 quaeris,
700 649 868 715 occidendi
890 658 922 716 te
943 651 1111 716 consilium

100 751 211 833 niimus,
242 753 318 834 quia
347 773 411 817 non
441 760 476 818 ut
507 753 656 836 ingenuis
686 754 843 839 imperare
875 752 1017 839 coepisti,
1055 754 1112 821 sed

100 855 167 936 uasi
189 855 219 920 in
240 856 399 941 mancipia
423 856 598 922 dominari?
637 857 762 923 Primus
786 879 826 923 ex
850 858 997 924 omnibus
1020 867 1145 944 patera

100 959 176 1043 psius
199 960 333 1045 Sopolis,
365 961 557 1045 parricidam
580 961 677 1027 etiam
707 963 848 1048 parentis
872 963 922 1030 sui
945 963 1112 1029 clamitans

101 1084 157 1144 sse,
177 1065 336 1147 consurgit
348 1072 389 1146 ct,
414 1064 456 1129 ad
479 1084 515 1131 os
538 1086 635 1130 manu
662 1062 796 1147 obiecta,
821 1067 942 1132 scelere
966 1075 998 1154 et
1019 1068 1112 1134 malis

100 1167 283 1239 isanientem
304 1169 388 1233 ultra
410 1176 507 1252 negat
529 1169 731 1235 audiendum.
767 1171 836 1235 Rex
859 1170 997 1236 inhibito
1020 1179 1110 1256 patre
1130 1185 1145 1234 3

102 1273 180 1336 icere
209 1272 413 1338 Hermolaum
444 1273 540 1353 iubet,
577 1293 659 1356 quae
690 1294 730 1338 ex
761 1274 913 1356 magistro
944 1275 1112 1342 didicisset

100 1375 277 1441 lallisthene.
334 1377 375 1440 ut
408 1377 608 1458 Hermolaus,
641 1376 759 1458 ‘Utor’,
797 1377 908 1460 inquit,
944 1378 1112 1444 ‘beneficio

100 1500 130 1543 10
164 1486 194 1543 et
226 1479 307 1561 dico,
344 1500 424 1562 quae
458 1480 576 1546 nostris
609 1480 702 1546 malis
736 1479 844 1546 didici.
899 1483 1004 1560 Quota
1037 1487 1174 1570 parst'

100 1583 284 1648 laoedonum
307 1585 460 1650 saevitiae
483 1592 557 1649 tuae
582 1585 750 1670 superest?
774 1592 888 1667 quotus
905 1586 1034 1668 quidem
1050 1607 1113 1652 non

117 1687 269 1753 vilissimo
293 1688 474 1771 sanguine?
519 1688 647 1753 Attalus
670 1694 701 1752 et
724 1687 867 1754 Philotas
891 1697 922 1754 et
945 1691 1113 1756 Parmenio

100 1792 302 1874 tLyncestes
332 1791 515 1856 Alexander
545 1799 577 1856 et
607 1791 717 1872 Clitus,
750 1799 902 1875 quantum
933 1793 975 1858 ad
1004 1793 1113 1860 hostes

100 1883 219 1976 ertinet,
242 1895 364 1975 vivunt,
387 1903 472 1961 stant
494 1897 528 1960 in
549 1893 628 1980 acie,
658 1903 690 1960 te
714 1896 826 1982 clipeis
850 1897 917 1962 suis
940 1905 1113 1983 protegunt

100 2021 105 2063 ,z
127 2020 184 2084 pro
208 1997 311 2081 gloria
333 2007 396 2081 tua,
420 2021 479 2085 pro
494 2001 628 2065 victoria
643 1988 776 2065 uulnera
791 2001 970 2086 excipiunt:
996 2002 1111 2084 quibus

100 2125 106 2167 ι
144 2105 308 2186 egregiam
340 2105 477 2188 gratiam
511 2101 674 2170 rettulisti!
723 2104 815 2170 Alius
849 2125 990 2171 mensam
1023 2113 1145 2172 tuamt

101 2208 230 2289 inguine
264 2228 322 2274 suo
355 2208 500 2293 aspersit.
536 2208 628 2274 Alius
651 2229 692 2274 ne
715 2209 853 2294 simplici
870 2209 998 2292 quidem
1013 2217 1113 2276 morte

101 2311 244 2377 efunotus
275 2319 339 2377 est:
375 2311 474 2377 duces
508 2313 705 2378 exercituum
737 2320 874 2397 tuorum,
899 2313 932 2376 in
967 2314 1114 2380 eculeum

101 2415 225 2500 rpositi,
244 2417 361 2498 Persis,
386 2437 464 2499 quos
494 2417 643 2498 vicerant,
679 2417 769 2482 fuere
800 2417 993 2502 spectaculo.
1040 2418 1114 2483 Par·

103 2519 175 2584 enio
198 2520 319 2586 indicta
348 2540 445 2586 causa
473 2521 650 2586 trucidatus
681 2528 739 2603 est,
771 2541 829 2606 per
853 2542 947 2604 quem
969 2521 1114 2586 Attalum

101 2623 247 2690 ecideras.
292 2625 435 2691 Invicem
458 2625 543 2690 enim
565 2624 752 2690 miserorum
778 2625 877 2690 uteris
900 2625 1049 2690 manibus
1071 2625 1148 2692 ado

102 2729 253 2814 :petenda
276 2729 434 2814 supplicia
456 2737 496 2810 et,
522 2748 602 2812 quos
624 2729 721 2815 paulo
737 2735 812 2794 ante
827 2729 989 2794 ministros
1005 2729 1114 2796 caedis

102 2833 222 2915 tbuisti,
258 2833 364 2899 subito
397 2834 438 2899 ab
472 2833 544 2899 aliis
578 2833 670 2898 iubes
699 2831 870 2897 trucidari:
916 2831 1146 2917 Obstrepuntu

102 2938 207 3004 ,binde
243 2939 348 3004 cuncti
382 2937 563 3018 Hermolao,
602 2944 693 3023 pater
727 2956 909 3022 supremum
944 2937 1115 3003 strinxerat

102 3064 198 3124 rrum,
234 3061 444 3128 percussurus
474 3040 563 3106 haud
593 3041 698 3121 dubie,
734 3041 767 3105 ni
796 3040 949 3108 inhibitus
980 3048 1065 3106 esset
1094 3062 1114 3105 a

103 3169 162 3230 ge:
203 3147 323 3232 quippe
361 3147 567 3211 Hermolaum
605 3145 710 3210 dicere
749 3144 840 3210 iussit
878 3144 1042 3229 petiitque,
1080 3151 1115 3209 ut

103 3272 188 3317 ‚usas
211 3250 361 3336 supplicii
376 3258 546 3334 augentem
560 3251 717 3335 patienter
731 3248 885 3314 audirent.
916 3247 1023 3331 Aegre
1039 3269 1115 3331 ergo
1134 3262 1151 3313 8

104 3355 219 3421 eroitis
250 3375 359 3421 rursus
390 3355 592 3436 Hermolaus,
630 3354 747 3430 ‘Quam
777 3352 975 3433 liberaliter’,
1006 3353 1117 3437 inquit,

103 3461 186 3526 ueris
212 3458 348 3524 rudibus
371 3459 414 3523 ad
437 3458 607 3524 dicendum
628 3477 724 3541 agere
761 3456 933 3542 permittis!
961 3464 994 3520 at
1023 3456 1118 3520 Oalli-

103 3565 192 3629 renis
218 3585 283 3628 vox
307 3583 433 3628 carcere
456 3563 581 3628 inclusa
604 3569 660 3642 est,
686 3561 761 3644 quia
777 3560 863 3626 solus
878 3566 984 3646 potest
1000 3559 1115 3624 dicere.

104 3691 127 3733 ir
153 3669 244 3733 enim
267 3688 332 3733 non
348 3666 540 3753 producitur,
566 3687 637 3732 oum
653 3667 750 3731 etiam
765 3665 903 3730 confessi
919 3663 1116 3728 audiuntur?
1135 3679 1151 3728 9

104 3794 184 3858 mpe
210 3771 288 3855 quia
311 3771 443 3837 liberam
465 3791 578 3835 vocem
605 3771 781 3836 innocentis
805 3769 916 3833 audire
939 3768 1054 3834 metuis
1077 3788 1116 3832 ac

138 3876 271 3942 vultum
305 3877 433 3959 quidem
466 3875 593 3960 pateris.
648 3874 747 3956 Atqui
779 3873 858 3938 nihil
891 3892 964 3937 eum
997 3871 1115 3937 fecisse
1127 3886 1160 3936 lo
