2976 4322
298 227 361 293 246
402 230 432 296 Q.
444 231 552 284 CURTI
562 232 648 284 RUFI
658 230 825 286 HISTORIA
831 235 909 287 RUM
920 233 1135 287 ALEXANDRI
1144 233 1209 287 vm
1220 236 1258 286 14.

296 434 375 499 aisti.
423 435 591 504 Neminem
628 461 679 506 me
717 441 879 507 fortiorem
922 461 992 507 esse
1026 441 1203 506 censebam.
1249 437 1335 503 Meas

296 539 378 604 enim
411 559 562 606 noveram
591 544 685 626 vires,
710 545 848 611 nondum
879 552 1028 631 expertus
1057 552 1146 610 tuas:
1177 543 1336 608 fortiorem

299 663 369 708 esse
390 650 423 709 te
445 646 522 712 belli
545 647 653 714 doouit
676 657 818 719 eventus.
855 650 920 716 Sed
944 671 985 717 ne
1008 650 1054 716 sie
1077 646 1205 733 quidem
1227 666 1337 729 narum

201 819 203 826 Ι
245 757 279 808 43
298 746 376 812 felix
398 766 478 830 sum,
503 753 662 818 secundus
684 754 760 820 tibi’.
786 755 905 821 Rursus
927 754 1148 838 interrogatur,
1173 751 1250 835 quid
1267 750 1338 835 ipse

297 851 449 918 viatorem
482 862 621 923 statuere
656 857 772 925 debere
804 865 956 940 censeret,
981 858 1089 936 ‘Quod
1119 857 1190 938 hie’,
1225 853 1335 937 inquit,

295 955 376 1022 ‘dies
398 957 456 1022 tibi
479 959 601 1041 suadet,
626 983 690 1045 quo
706 973 856 1050 expertus
881 984 923 1045 ea,
942 984 1038 1047 quam
1061 962 1183 1028 eaduoa
1201 958 1339 1026 felieitas

245 1070 279 1120 44
298 1063 422 1126 esset?
449 1063 524 1128 Plus
547 1066 705 1132 monendo
732 1069 868 1152 profecit
898 1089 993 1152 quam
1016 1067 1043 1132 si
1065 1071 1214 1152 praeatus
1238 1068 1338 1129 esset:

298 1165 415 1250 quippe
434 1168 688 1250 magnitudinem
710 1173 807 1238 animi
823 1173 891 1239 eius
906 1169 1081 1237 interritam
1103 1189 1141 1234 ae
1156 1189 1197 1234 ne
1213 1167 1340 1234 fortuna

298 1269 426 1352 quidem
438 1271 606 1338 infractam
618 1295 681 1340 non
694 1277 909 1344 miserieordia
921 1275 1024 1356 modo,
1039 1274 1096 1340 sed
1112 1273 1209 1339 etiam
1220 1271 1339 1336 honore

246 1383 279 1433 45
299 1373 445 1459 exeipere
468 1376 617 1460 dignatus
641 1388 698 1446 est.
724 1381 865 1466 Aegrum
885 1379 1007 1447 curavit
1029 1377 1115 1442 haud
1135 1395 1227 1442 seeus
1244 1394 1341 1458 quam

299 1478 326 1543 si
348 1499 404 1563 pro
428 1479 498 1564 ipso
513 1492 703 1567 pugnasset:
728 1487 943 1552 confirmatum
959 1490 1069 1550 eontra
1091 1501 1181 1564 spem
1197 1477 1338 1544 omnium

298 1581 331 1646 in
364 1583 536 1650 amieornm
566 1609 730 1656 numerum
760 1591 890 1675 recepit,
921 1608 996 1654 mox
1025 1585 1157 1652 donavit
1185 1582 1339 1668 ampliore

246 1697 278 1746 46
297 1707 394 1769 regno
418 1707 513 1770 quam
536 1695 646 1758 tenuit.
695 1695 764 1761 Neo
787 1716 863 1761 sane
886 1693 1055 1777 quiequam
1082 1687 1246 1772 ingenium
1269 1685 1338 1751 eius

299 1790 429 1856 solidius
452 1800 507 1858 aut
523 1798 717 1864 constantius
733 1799 844 1865 habuit
861 1817 955 1882 quam
978 1793 1220 1859 admirationem
1245 1809 1337 1856 verae

298 1894 402 1960 laudis
426 1903 457 1960 et
479 1898 616 1982 gloriae:
641 1903 814 1989 simplicius
833 1910 939 1968 tamen
962 1899 1081 1964 famam
1099 1895 1289 1961 aestimabat
1304 1893 1337 1957 in

299 1997 390 2064 hoste
416 2020 510 2082 quam
541 2003 573 2068 in
605 2006 682 2072 eive.
731 2007 857 2093 Quippe
887 2028 907 2071 a
937 2003 1005 2068 suis
1035 1997 1336 2080 eredebatmagni·

298 2102 438 2169 tudinem
461 2124 550 2171 suam
574 2109 693 2177 destrui
710 2133 812 2198 posse,
830 2109 965 2177 eandem
988 2105 1152 2172 elatiorem
1171 2103 1249 2182 fore,
1274 2119 1335 2184 quo

297 2206 431 2274 maiores
454 2209 598 2293 fuissent,
623 2237 701 2299 quos
723 2218 793 2303 ipse
815 2216 953 2285 vicisset.
1015 2204 1017 2208 ’
