2976 4322
377 184 629 239 HISTORIARUM
648 185 862 239 ALEXANDRI
881 187 932 238 Vll
951 188 975 239 6.
994 190 1017 238 7.
1156 184 1216 248 181

176 393 338 458 nudavere
370 392 516 476 spatium,
551 413 608 476 per
638 391 723 476 quod
752 393 879 478 irrupit:
913 392 1075 475 victorque
1106 392 1215 456 urbem

177 498 259 562 dirui
283 497 383 562 iussit.

125 599 167 672 '28
282 602 366 666 Hinc
391 601 611 667 Menedemum
634 623 706 667 cum
735 603 835 668 tribus
865 602 991 668 milibus
1020 601 1269 688 11011111010124

175 717 268 772 Doce
292 706 449 788 equitibus
472 707 515 771 ad
537 708 648 772 urbem
670 707 866 771 Maracanda
887 706 982 771 misit.
1017 705 1217 790 Spitamenes

175 810 342 895 transfuga
364 810 524 895 praesidio
548 811 759 876 Macedonum
781 811 855 876 inde
879 811 1002 875 deiecto
1017 810 1114 874 muris
1130 809 1216 886 urbis

176 916 244 980 eius
266 915 439 980 incluserat
462 936 507 996 se,
530 915 617 980 haud
647 915 816 1001 oppidanis
840 914 1004 980 consilium
1027 913 1214 978 defectionis

176 1020 441 1105 approbantibus:
472 1020 561 1102 sequi
590 1027 698 1085 tamen
726 1019 926 1100 videbantur,
952 1018 1027 1100 quia
1048 1018 1217 1103 prohibere

175 1145 238 1189 non
271 1132 428 1208 poterant.
475 1124 605 1189 interim
639 1123 823 1190 Alexander
857 1123 896 1188 ad
932 1123 1055 1188 Tanain
1089 1143 1215 1188 amnem
1234 1131 1267 1180 25

174 1228 257 1293 redit
279 1235 319 1309 et,
344 1236 495 1312 quantum
518 1229 577 1293 soli
600 1236 812 1312 occupaverat
836 1228 956 1309 castris,
980 1247 1069 1292 muro
1085 1228 1214 1292 circum·
1256 1311 1257 1314 Ἴ

176 1333 272 1398 dedit.
319 1343 368 1396 LX
396 1333 571 1398 stadiorum
604 1333 691 1398 urbis
725 1353 832 1398 murus
862 1332 938 1398 fuit:
973 1332 1058 1396 hanc
1090 1351 1215 1414 quoque

174 1437 284 1502 urbem
307 1437 535 1502 Alexandriam
558 1437 712 1522 appellari
734 1437 833 1501 iussit.
880 1435 967 1520 Opus
990 1441 1080 1501 tanta
1106 1435 1212 1500 celeri-
1232 1443 1265 1492 26

174 1547 239 1606 1010
263 1540 439 1625 perfectum
469 1549 525 1622 est,
556 1549 591 1606 ut
620 1541 788 1622 XV11.die,
820 1561 915 1623 quam
944 1539 1139 1604 munimenta
1164 1560 1217 1603 ex-

175 1645 273 1710 citata
296 1653 394 1727 erant,
425 1653 512 1711 10010
534 1665 659 1728 quoque
685 1645 771 1710 urbis
795 1645 1044 1717 absolverentur.
1093 1645 1214 1727 Ingens

174 1749 306 1814 militum
329 1757 490 1815 certamen
519 1750 601 1814 inter
630 1750 717 1834 ipsos
748 1749 860 1830 fuerat,
891 1756 926 1813 ut
957 1769 1048 1814 suum
1078 1748 1212 1830 quisque

173 1872 286 1917 munus
321 1889 361 1900 -
395 1874 469 1918 nam
507 1853 643 1918 divisum
680 1860 748 1918 erat
783 1889 823 1900 —
861 1853 981 1936 primus
1019 1850 1211 1926 ostenderet.

174 1956 304 2022 Incolae
334 1978 436 2023 novae
470 1957 540 2024 urbi
574 1957 641 2023 dati
675 1953 802 2042 captivi,
839 1976 917 2039 quos
950 1955 1075 2022 reddito
1109 1955 1211 2040 pretio
1230 1963 1268 2013 27

174 2057 309 2134 dominis
343 2061 505 2127 liberavit:
534 2081 666 2144 quorum
700 2061 819 2146 posteri
853 2081 935 2126 nunc
971 2081 1096 2143 quoque
1129 2060 1215 2144 apud

173 2170 316 2228 eostam
339 2166 436 2248 longa
458 2173 563 2230 aetate
586 2173 715 2250 propter
745 2165 928 2243 memoriam
952 2164 1128 2230 Alexandri
1152 2187 1215 2228 coa

173 2269 387 2334 exoleverunt.

625 2375 690 2428 Car.
709 2375 768 2429 Vll.

121 2479 163 2550 29
279 2476 322 2542 At
351 2499 408 2544 1011
440 2477 641 2562 Scytharum,
672 2478 761 2543 euius
792 2484 858 2542 tum
887 2478 970 2542 ultra
995 2477 1130 2542 Tanaim
1159 2476 1246 2540 im-1

172 2581 294 2667 perium
324 2574 400 2663 0101,
436 2589 522 2647 ratus
556 2602 627 2647 eam
661 2583 779 2663 urbem,
815 2601 911 2664 quam
941 2581 973 2645 in
1007 2581 1077 2665 ripa
1108 2581 1211 2646 amuis

172 2687 366 2752 Macedones
388 2686 605 2767 condiderant,
638 2686 703 2751 suis
721 2686 902 2770 impositam
925 2706 996 2750 esse
1020 2685 1207 2764 cervicibus,

172 2789 311 2872 fratrem,
343 2789 523 2856 Carthasim
545 2790 681 2871 nomine,
714 2811 785 2856 cum
808 2811 927 2874 magna
950 2789 1091 2872 equiturn
1113 2809 1211 2854 manu

172 2895 256 2960 misit
279 2895 321 2960 ad
344 2895 530 2960 diruendam
553 2917 624 2960 eam
647 2897 818 2980 proculque
848 2915 941 2959 amne
964 2893 1210 2959 summovendae

172 2999 383 3064 Macedonum
405 3000 523 3084 copias.
569 2999 755 3064 Bactrianos
771 2999 889 3064 Tanais
911 2999 951 3064 ab
969 2998 1108 3081 Scythis,
1133 3017 1212 3080 quos
1231 3010 1246 3059 2

172 3102 355 3188 Europaeos
389 3111 513 3184 vocant,
557 3103 678 3184 dividit,
724 3103 808 3168 idem
842 3103 953 3168 Asiam
987 3110 1019 3166 et
1052 3103 1212 3186 Europam

170 3205 241 3272 finis
270 3206 430 3273 interfluit.
478 3206 624 3272 0010111111
655 3207 846 3292 Scytharum
876 3227 966 3290 gens,
986 3207 1072 3271 haud
1102 3207 1246 3292 procula

171 3309 309 3376 Thracia
331 3311 402 3393 sita,
426 3312 467 3376 ab
490 3310 610 3376 oriente
640 3311 682 3376 ad
705 3311 951 3395 septentrionem
966 3331 1000 3376 se
1023 3312 1117 3376 vertit
1142 3311 1212 3376 Sar·

172 3422 389 3498 mutarumque
411 3437 483 3497 nen,
501 3423 534 3480 111
550 3415 679 3498 quidam
694 3415 867 3496 credidere,
891 3415 1033 3497 finitima,
1059 3415 1117 3480 sed
1136 3435 1211 3500 pars

173 3525 229 3583 est.
275 3519 375 3584 Recta
398 3519 513 3586 deinde
536 3521 666 3603 regione
690 3520 804 3584 saltum
826 3521 909 3584 ultra
924 3521 1040 3584 Istrum
1054 3520 1211 3584 iacentem
1230 3530 1246 3578 4

173 3623 269 3705 colit,
287 3623 398 3688 ultima
413 3624 519 3706 Asiae,
545 3645 608 3706 qua
630 3624 747 3688 Bactra
770 3631 850 3705 sunt,
875 3623 1010 3706 stringit.
1047 3623 1209 3704 Habitant,

174 3747 255 3809 quae
279 3728 485 3812 septentrioni
508 3728 656 3812 propiora
679 3735 767 3792 sunt:
799 3727 976 3812 profundae
1000 3727 1076 3792 inde
1111 3728 1211 3792 silvae

173 3837 349 3912 vastaeque
366 3831 553 3896 solitudines
576 3831 755 3914 excipiunt:
779 3849 889 3896 rursus
913 3849 995 3911 quae
1013 3829 1071 3913 [et]
1088 3829 1211 3894 Tanain
