2976 4322
361 185 612 240 HISTORIARUM
630 187 845 242 ALEXANDRI
865 189 930 242 VIII
951 191 990 241 10.
1136 189 1200 254 233

158 393 295 476 ingentis
320 392 425 477 operis
441 392 567 458 obiecta
589 401 646 458 est.
678 403 777 458 XXXV
801 393 939 459 stadium
961 415 1068 460 murus
1091 396 1200 460 urbem
1220 409 1253 458 25

160 496 385 581 complectitur,
402 496 491 562 cuius
514 496 578 562 ima
598 517 686 578 saxo,
699 498 863 583 superiora
886 497 983 564 crudo
1007 499 1105 564 latere
1129 507 1202 564 sunt

160 608 284 666 structa.
311 601 416 666 Lateri
439 601 599 666 vinculum
622 601 746 686 lapides
769 610 857 667 sunt:
875 623 954 685 quos
973 603 1201 688 interposuere,

160 712 191 768 ut
214 704 331 769 duriori
358 705 510 770 materiae
538 704 661 787 fragilis
684 705 896 772 incumberet:
928 707 1095 789 simulque,
1118 715 1203 773 terra

159 808 288 874 humore
314 808 415 873 diluta
448 830 488 874 ne
517 815 624 874 tamen
647 809 796 874 universa
823 810 1010 892 consideret,
1034 811 1201 896 impositae
1220 824 1253 874 26

159 919 247 977 erant
272 913 378 978 trabes
409 911 546 994 validae,
577 913 691 995 quibus
722 913 839 979 iniecta
870 915 1013 980 tabulata
1042 935 1147 980 muros
1170 923 1202 982 et

159 1017 308 1099 tegebant
332 1023 363 1082 et
385 1016 512 1101 pervios
535 1016 686 1083 fecerant.
733 1018 823 1083 Haec
846 1018 1042 1084 munimenta
1065 1026 1201 1084 contem·
1220 1033 1253 1083 27

159 1121 297 1205 plantem
320 1119 539 1186 Alexandrum
561 1121 747 1205 consiliique
778 1122 941 1203 incertum,
966 1123 1040 1205 quia
1069 1144 1129 1188 nec
1152 1145 1202 1189 ca-

158 1245 270 1291 vernas
304 1226 364 1291 nisi
388 1248 509 1310 aggere
532 1233 658 1311 poterat
680 1227 811 1311 implere
836 1248 896 1293 nec
932 1234 1088 1292 tormenta
1110 1227 1202 1293 alitor

159 1329 253 1394 muris
276 1329 456 1412 admovere,
474 1329 603 1414 quidem
626 1353 644 1396 e
667 1351 756 1396 muro
779 1331 898 1414 sagitta
916 1332 1079 1416 percussit.
1104 1333 1200 1397 Forte
1219 1343 1252 1395 22

158 1433 318 1499 insuram
344 1434 454 1500 incidit
483 1435 597 1500 telum:
630 1435 718 1500 cuius
741 1435 863 1519 spiculo
893 1436 1002 1501 evolso
1033 1422 1197 1501 admoveri

159 1555 274 1618 equum
285 1538 386 1620 iussit,
403 1559 465 1622 quo
477 1546 597 1620 vectus,
610 1560 650 1604 ne
666 1539 808 1622 obligato
825 1539 953 1622 quidem
965 1540 1104 1621 vulnere,
1117 1539 1203 1604 haud

158 1643 287 1726 segnius
310 1642 467 1708 destinata
490 1645 716 1727 exequebatur.
760 1644 908 1709 Oeterum
939 1663 1010 1710 cum
1033 1665 1104 1710 crus
1127 1665 1196 1710 sau·
1220 1659 1253 1709 29

158 1747 241 1812 cium
263 1745 424 1831 penderet,
453 1755 484 1812 et
514 1768 624 1812 cruore
654 1747 772 1813 siccato
803 1748 979 1830 frigescens
1002 1749 1116 1814 vulnus
1146 1770 1216 1832 agr

157 1857 306 1933 gravaret
328 1849 480 1932 dolorem,
504 1850 623 1916 dixisse
654 1851 753 1916 fertur
776 1871 810 1916 se
841 1851 970 1932 quidem
992 1852 1080 1918 Iovis
1104 1852 1202 1917 filium

157 1954 229 2036 diei,
253 1954 310 2020 sed
336 1955 475 2040 corporis
498 1956 589 2038 aegri
611 1955 689 2021 vitia
719 1956 845 2021 sentire.
891 1955 965 2022 Nou
995 1964 1102 2022 tamen
1126 1965 1200 2022 aute
1220 1971 1254 2021 30

157 2079 192 2124 se
214 2059 335 2144 recepit
349 2059 382 2122 in
405 2067 509 2125 castra
525 2080 620 2142 quam
643 2067 756 2125 cuncta
776 2061 940 2144 perspexit
963 2068 1004 2143 et,
1030 2081 1112 2143 quae
1135 2061 1203 2126 fieri

105 2163 149 2234 38
160 2163 265 2243 vellet,
300 2161 407 2228 edixit.
455 2163 551 2246 Ergo,
576 2163 656 2228 sicut
690 2164 879 2248 imperatum
913 2171 991 2246 erat,
1026 2165 1080 2230 alii
1114 2173 1204 2231 extra

157 2266 268 2330 urbem
290 2273 375 2331 tecta
401 2267 610 2334 moliebantur
637 2267 862 2351 ingentemque
884 2269 949 2333 vim
979 2269 1131 2336 materiae
1155 2271 1199 2335 sa·

158 2369 271 2436 ciendo
295 2371 407 2453 aggeri
434 2369 651 2452 detrahebant,
675 2372 729 2436 alii
759 2393 947 2455 magnarum
976 2375 1124 2440 arborum
1147 2375 1198 2440 sti-

158 2473 240 2558 pites
263 2495 302 2539 22
325 2475 424 2540 moles
447 2494 596 2540 saxorum
618 2475 651 2539 in
673 2497 827 2541 cavernas
851 2474 1040 2542 deiciebant.
1069 2478 1202 2561 Iamque
1220 2492 1251 2542 31

158 2597 261 2659 agger
276 2585 469 2660 aequaverat
488 2598 629 2644 summae
649 2579 813 2662 fastigium
832 2587 945 2644 terrae.
972 2581 1085 2663 Itaque
1101 2588 1201 2646 turres

158 2681 377 2764 erigebantur:
402 2703 484 2765 quae
515 2703 614 2766 opera
646 2683 769 2766 ingenti
804 2684 937 2748 militum
972 2684 1086 2750 ardore
1120 2686 1203 2750 intra

157 2805 275 2849 nonum
297 2785 382 2850 diem
404 2787 551 2851 absoluta
573 2795 653 2852 sunt.
689 2786 740 2850 Ad
764 2808 803 2852 ea
827 2787 959 2852 visenda
980 2809 1048 2870 rex,
1062 2788 1202 2854 nondum

158 2888 297 2954 obducta
319 2890 440 2955 vulneri
463 2890 620 2972 cicatrice,
641 2891 795 2976 processit
825 2891 1026 2975 laudatisque
1050 2893 1201 2958 militibus

157 2993 322 3059 admoveri
348 2994 513 3060 machinas
543 2995 643 3076 iussit,
668 2996 823 3078 equibus
858 2997 972 3079 ingens
996 2997 1044 3062 vis
1067 2998 1203 3062 telorum

157 3097 191 3160 in
225 3105 477 3182 propugnatores
511 3099 613 3164 effusa
646 3106 704 3164 est.
749 3100 925 3184 Praecipue
959 3099 1053 3165 rudes
1088 3101 1201 3166 talium
1220 3117 1253 3166 32

157 3221 290 3286 opernm
313 3202 472 3268 terrebant
494 3203 627 3268 mobiles
650 3210 761 3284 turres,
786 3211 954 3286 tantasque
985 3205 1094 3285 moles,
1117 3206 1204 3270 nulla

157 3325 231 3388 ope,
255 3325 337 3388 quae
361 3313 549 3387 comeretur,
573 3306 708 3388 adiutas,
722 3307 854 3372 deorum
869 3308 996 3373 numine
1021 3308 1075 3390 agi
1099 3308 1204 3375 crede-

156 3403 252 3473 bant:
279 3409 345 3494 pila
368 3429 494 3493 quoque
523 3411 657 3475 muralia
688 3418 720 3476 et
743 3431 893 3476 excussas
924 3412 1087 3476 tormentis
1114 3433 1205 3497 prae

157 3532 277 3595 graves
311 3513 419 3578 hastas
449 3515 611 3597 negabant
645 3515 814 3580 convenire
848 3515 1042 3581 mortalibus.
1089 3517 1254 3600 12222233

157 3615 330 3702 desperata
352 3617 438 3683 urbis
465 3619 565 3683 tutela
588 3639 774 3684 concessere
800 3619 833 3683 in
856 3641 970 3685 arcem.
1015 3619 1104 3700 Inde,
1129 3621 1203 3703 quia

155 3719 239 3784 nibil
254 3720 392 3786 obsessis
408 3730 533 3806 praeter
548 3721 741 3788 deditionem
756 3725 897 3808 patebat,
913 3724 1012 3806 legati
1036 3723 1078 3788 ad
1093 3745 1203 3806 regem

157 3823 402 3907 descenderunt,
419 3827 544 3892 veniam
559 3827 695 3913 petitrui.
724 3825 795 3904 Qua
806 3827 975 3912 impetrata
989 3827 1102 3913 regina
1117 3829 1203 3896 venit
1222 3843 1255 3895 34
