2970 4322
385 191 638 250 HISTORIARUM
655 195 872 250 ALEXANDRI
892 195 969 249 VIlII
986 196 1010 248 6.
1030 198 1054 250 7.
1176 193 1238 260 267

199 398 338 464 feminae
369 398 411 464 ob
440 399 588 466 virtutem
622 399 862 468 celeberrimum
894 421 1009 466 nomen
1038 407 1098 466 est.
1151 399 1239 477 Quas

198 504 296 568 urbes
319 502 503 570 Samiramis
527 503 685 570 condidit!
709 525 791 587 quas
813 504 918 589 gentis
940 504 1064 588 redegit
1094 504 1125 570 in
1154 512 1239 590 pote-

198 607 329 672 statem!
369 613 488 689 quanta
521 627 619 693 opera
652 609 763 674 molita
796 610 859 674 esti
903 608 1054 674 Nondum
1088 607 1238 675 feminam

197 709 405 793 aequavimus
419 709 529 793 gloria,
554 717 585 777 et
600 711 664 776 iam
686 732 743 777 nos
766 712 870 777 landis
894 713 1024 778 satietas
1048 711 1156 797 cepit?
1194 713 1237 778 Di
1254 731 1289 782 24

197 814 334 896 faveant,
358 814 480 880 maiora
508 814 615 881 adhuc
644 823 778 882 restant.
831 816 896 881 Sed
925 815 973 880 ita
1000 822 1108 881 nostra
1137 823 1238 898 erunt,

196 939 279 1001 quae
302 917 444 983 nondum
477 917 625 1001 adiimus,
656 919 683 984 si
706 919 787 984 nihil
817 940 952 1004 parvum
980 919 1175 1002 duxerimus,
1206 920 1239 984 in

197 1042 260 1104 quo
283 1043 420 1106 magnae
442 1021 564 1106 gloriae
587 1022 676 1088 loeus
700 1028 758 1088 est.
805 1023 872 1088 Vos
895 1022 988 1086 modo
1011 1044 1062 1089 me
1089 1023 1130 1087 ab
1161 1023 1238 1088 inte·

197 1126 280 1192 stina
302 1125 416 1191 fraudo
430 1132 462 1192 et
477 1125 723 1192 domesticorum
744 1125 868 1192 insidiis
890 1131 1050 1210 praestate
1073 1144 1235 1192 securum:

196 1230 274 1295 belli
296 1230 470 1312 Martisque
493 1229 661 1297 discrimen
686 1229 868 1315 impavidus
899 1228 1022 1296 subibo.
1067 1228 1236 1315 Philippus

196 1333 229 1398 in
244 1334 314 1400 acie
328 1333 425 1399 tutior
440 1354 536 1416 quam
551 1333 583 1399 in
599 1334 724 1400 theatro
739 1333 815 1399 fuit:
839 1332 980 1399 hostium
1002 1353 1115 1398 manus
1138 1352 1237 1419 saepe

196 1437 318 1520 vitavit,
350 1457 478 1504 suorum
509 1437 649 1521 effugere
679 1458 743 1504 non
773 1438 883 1504 valuit.
937 1437 1081 1502 Aliorum
1111 1457 1236 1520 quoque
1255 1459 1288 1509 25

194 1563 309 1626 regum
332 1542 435 1608 exitus
462 1541 490 1609 si
519 1542 752 1628 reputaveritis,
783 1541 890 1628 plures
921 1562 941 1606 a
970 1540 1037 1606 suis
1068 1561 1164 1624 quam
1193 1543 1235 1608 ab

195 1645 287 1712 hoste
308 1646 515 1731 interemptos
538 1645 752 1712 numerabitis.
801 1646 957 1728 Ceterum,
982 1646 1131 1728 quoniam
1161 1645 1235 1710 olim
1254 1666 1287 1718 26

194 1751 240 1816 rei
277 1751 417 1834 agitatae
450 1750 484 1815 in
516 1749 622 1814 animo
655 1770 726 1816 mec
760 1770 844 1815 nunc
877 1749 1073 1835 promendae
1109 1749 1235 1832 senasio

194 1855 303 1922 oblata
318 1860 376 1934 est,
399 1851 476 1918 mihi
491 1852 649 1918 maximus
664 1853 809 1920 laborum
824 1860 921 1936 atque
940 1873 1073 1936 operum
1095 1873 1235 1918 meorum

193 1959 253 2023 erit
268 1959 398 2040 fruetus,
422 1957 449 2023 si
464 1957 631 2045 Olympias
646 1965 748 2024 mater
770 1957 999 2024 immortalitati
1021 1965 1234 2039 consecretur,

194 2063 384 2146 quandoque
407 2062 581 2130 excesserit
602 2063 678 2129 vita.
724 2063 804 2145 Hoc,
828 2063 855 2128 si
885 2062 1016 2144 licuerit,
1047 2062 1116 2147 ipse
1146 2082 1234 2146 prae·

194 2168 301 2233 stabo:
342 2167 412 2249 hoc,
450 2167 478 2232 si
511 2188 562 2233 me
595 2167 795 2253 praeceperit
828 2165 939 2248 fatum,
973 2185 1030 2232 vos
1064 2165 1233 2232 mandasse

193 2273 404 2337 mementote?
449 2271 587 2336 Actum
616 2270 746 2354 quidem
775 2270 895 2336 amicos
925 2269 1061 2335 dimisit:
1093 2276 1234 2336 ceterum

193 2396 251 2460 per
273 2375 453 2461 complures
476 2375 545 2440 dies
568 2374 613 2440 ibi
636 2374 754 2440 stativa
776 2373 898 2439 hahuit.

637 2565 702 2619 Gar.
723 2566 781 2621 VII.

139 2692 182 2764 27
298 2689 388 2754 Haec
407 2685 483 2752 dum
497 2687 530 2751 in
545 2685 638 2750 India
660 2694 820 2770 geruntur,
844 2685 958 2752 Graeci
980 2685 1105 2766 milites,
1133 2705 1233 2768 nuper
1253 2705 1264 2754 1

191 2795 224 2860 in
246 2793 388 2859 colonias
404 2815 424 2857 a
441 2811 519 2874 rege
542 2791 681 2872 deducti,
705 2791 789 2856 circa
811 2792 927 2856 Bactra
949 2797 1019 2854 orta
1040 2790 1123 2855 inter
1145 2790 1231 2874 ipsos

191 2897 349 2965 seditione
372 2895 564 2978 defecerant,
595 2916 658 2960 non
683 2902 750 2960 tam
772 2894 958 2960 Alexandro
988 2894 1104 2960 infensi
1135 2913 1231 2976 quam

191 3011 276 3068 metu
300 3000 456 3086 supplicii.
505 2999 631 3085 Quippe
654 2999 768 3064 occisis
799 2998 990 3082 quibusdam
1019 2997 1265 3084 popularium,2

191 3107 245 3190 qui
261 3106 432 3172 validiores
448 3113 547 3186 erant,
564 3125 653 3170 arma
669 3111 814 3190 spectare
830 3110 1003 3190 coeperunt
1018 3110 1049 3169 et
1061 3102 1232 3168 Bactriana

190 3231 273 3292 arce,
298 3231 379 3294 quae
403 3210 496 3294 quasi
519 3209 674 3294 difficilis
696 3210 792 3272 adita
822 3208 1043 3291 neglegentius
1068 3214 1232 3274 asservata

190 3322 268 3397 erat,
291 3322 448 3400 occupata
463 3315 615 3380 barbaros
632 3331 759 3396 quoque
781 3313 1018 3378 insacietatem
1041 3311 1229 3376 defectionis

189 3419 391 3506 impulerant.
418 3417 645 3484 Athenodorus
664 3425 733 3484 erat
755 3417 902 3502 princeps
926 3436 1049 3482 eorum:
1067 3415 1120 3498 qui
1142 3415 1228 3498 regis
1248 3434 1263 3484 3

190 3545 315 3611 quoque
337 3544 453 3590 nomen
475 3529 701 3608 assumpserat,
732 3543 794 3587 non
829 3528 893 3586 tam
923 3520 1048 3606 imperii
1079 3519 1228 3604 cupidine

190 3651 285 3714 quam
314 3629 347 3694 in
376 3628 512 3714 patriam
538 3627 717 3694 revertendi
748 3647 819 3692 cum
849 3626 897 3707 iis,
929 3625 982 3709 qui
1013 3624 1230 3690 auctoritatem

188 3735 290 3820 ipsius
320 3732 542 3816 sequebantur.
587 3731 670 3796 Huic
697 3731 791 3795 Biton
822 3729 952 3812 quidam
982 3728 1118 3794 nationis
1149 3727 1263 3793 eius-4

190 3838 273 3922 dem,
297 3837 356 3904 sed
379 3837 419 3903 ob
442 3835 690 3902 aemulationem
712 3835 847 3899 infestus
871 3833 1066 3918 comparavit
1095 3831 1228 3896 insidias
