2976 4322
267 195 330 258 184
658 196 689 262 Q.
709 195 817 250 CURTI
835 195 921 250 RUFI

212 412 244 462 41
265 421 390 488 corpus,
430 407 465 465 ut
501 421 541 466 ne
578 422 654 467 aves
693 402 821 483 quidem
858 401 1089 484 contingerent.
1142 401 1302 467 Oxathres

266 513 374 571 cetera
396 505 457 570 sibi
480 518 575 570 curae
598 505 665 570 fore
688 507 869 591 pollicetur:
894 526 970 572 aves
992 527 1056 570 non
1071 506 1112 571 ab
1129 505 1191 570 alio
1209 525 1303 588 quam

266 631 286 700 a
315 608 434 674 Catene
464 629 559 694 posse
589 607 751 693 prohiberi
781 610 886 690 adicit,
922 609 1072 675 eximiam
1103 610 1171 674 eius
1202 615 1303 674 artem

266 714 396 799 cupiens
426 713 610 778 ostendere:
644 735 781 797 namque
815 714 897 779 adeo
928 723 1014 780 certo
1047 715 1112 779 ictu
1143 713 1304 778 destinata

214 829 247 877 42
266 818 410 898 feriebat,
449 823 483 882 ut
520 837 597 883 aves
635 836 760 900 quoque
798 818 989 903 exciperet·
1027 819 1120 904 Nunc
1156 816 1302 898 forsitan,

267 923 453 1006 sagittamm
488 928 554 987 tarn
588 922 705 987 celebri
738 941 807 1002 usu,
842 923 946 987 minus
977 921 1172 987 admirabilis
1202 921 1303 987 videri

266 1046 319 1092 ars
363 1027 444 1091 haec
488 1026 624 1111 possita
651 1033 718 1090 tum
754 1027 869 1110 ingens
906 1027 1081 1092 visentibus
1118 1026 1304 1090 miraculum

214 1141 248 1192 43
266 1152 446 1216 magnoque
476 1131 589 1198 honori
619 1131 731 1196 Osteni
760 1131 828 1196 fuit.
875 1133 968 1198 Dona
1001 1131 1117 1196 deinde
1147 1130 1303 1212 omnibus,

267 1237 320 1319 qui
343 1236 477 1324 Bessum
499 1235 706 1317 adduxerant,
731 1234 806 1301 data
828 1242 910 1301 sunt.
947 1237 1094 1302 Ceterum
1117 1235 1305 1321 supplicium

268 1341 336 1406 eius
358 1339 488 1421 distulit,
512 1347 547 1404 ut
569 1360 607 1404 eo
629 1340 708 1421 loco,
736 1340 769 1403 in
792 1361 854 1423 quo
877 1339 1017 1406 Dareum
1039 1340 1109 1424 ipse
1132 1339 1303 1420 occiderat,

267 1451 443 1511 necaretur.

728 1551 792 1604 Gar.
811 1551 857 1604 VI.
971 1596 973 1601 .

236 1669 250 1720 1
373 1655 501 1720 Interea
530 1653 731 1736 Macedones,
755 1654 797 1719 ad
819 1654 991 1738 petendum
1014 1655 1164 1749 pabulum
1189 1653 1362 1724 iucem-25

269 1758 372 1842 posito
396 1760 523 1842 agmine
548 1758 712 1842 egressi,a
734 1757 887 1840 barbaris,
914 1759 967 1840 qui
991 1758 1031 1824 de
1054 1758 1206 1843 proximis
1222 1777 1308 1822 mon-

271 1863 354 1928 tibus
393 1863 607 1944 decurrerunt,
650 1863 878 1947 opprimuntur,
905 1863 1076 1948 pluresque
1114 1863 1199 1948 capti
1236 1868 1308 1927 sunt

239 1983 368 2050 aquarn
391 1967 503 2032 occisi:
527 1967 655 2032 barbari
677 1972 794 2049 autem,
826 1967 982 2052 captivos
999 1988 1077 2052 prae
1107 1987 1141 2032 se
1164 1971 1308 2050 agentes,

271 2091 379 2137 rursus
401 2072 434 2136 in
456 2079 596 2137 montem
611 2079 822 2138 recesserunt.
859 2083 910 2135 XX
928 2071 1015 2136 milia
1029 2071 1186 2136 latronum
1201 2075 1308 2136 erant:

239 2191 254 2240 3
273 2176 380 2243 fundis
403 2177 593 2261 sagittisque
616 2197 759 2262 pugnam
781 2177 943 2242 invadunt.
986 2177 1071 2254 Quos
1095 2177 1169 2242 dum
1185 2174 1310 2242 obsidet

272 2303 337 2362 rex,
361 2282 443 2347 inter
465 2282 718 2366 promptissimos
739 2282 893 2348 dimicans
916 2281 1036 2366 sagitta
1050 2281 1132 2346 ictus
1148 2287 1205 2362 est,
1229 2300 1311 2363 quae

239 2387 306 2450 4in
328 2385 434 2450 medio
458 2405 548 2450 crure
570 2385 635 2450 fixa
664 2386 834 2468 reliqueret
857 2386 1022 2471 spiculum.
1069 2385 1162 2450 Illum
1184 2384 1311 2467 quidem

274 2489 388 2554 maesti
411 2496 443 2554 et
465 2489 592 2554 attoniti
614 2489 808 2556 Macedones
837 2491 870 2554 in
898 2497 1003 2556 castra
1025 2489 1223 2555 referebant:
1255 2487 1311 2553 sed

274 2613 334 2659 nec
357 2594 510 2660 barbaros
533 2593 648 2658 fefellit
671 2593 845 2658 subductus
868 2613 909 2659 ex
931 2594 1009 2675 acie,
1035 2593 1151 2678 quippe
1171 2614 1211 2659 ex
1227 2591 1313 2658 edito

242 2717 257 2766 5
276 2704 383 2763 monte
407 2705 523 2763 cuncta
544 2704 785 2783 prospexerant.
831 2699 944 2781 Itaque
967 2705 1094 2783 postero
1125 2697 1176 2763 die
1200 2697 1313 2762 misere

276 2803 401 2886 legatos
435 2802 478 2867 ad
511 2823 638 2886 regem:
677 2823 755 2886 quos
789 2803 842 2868 ille
883 2803 1027 2888 protinus
1063 2803 1156 2868 iussit
1190 2799 1314 2867 admitti

272 2907 449 2990 'solutisque
461 2907 580 2990 fasciis,
596 2907 848 2991 magnitudinem
864 2908 1002 2974 vulneris
1018 2907 1230 2988 dissimulans,
1243 2925 1315 2970 crus

244 3010 421 3079 cbarbaris
452 3012 599 3078 ostendit.
647 3013 706 3098 Illi,
739 3013 816 3078 iussi
851 3012 1026 3093 considere,
1061 3010 1219 3076 affirmant
1252 3031 1316 3074 non

279 3115 594 3199 Macedonasquam
617 3116 704 3200 ipsos
727 3117 883 3182 tristiores
912 3116 1011 3183 fuisse
1035 3115 1164 3199 cognito
1186 3114 1316 3181 vulnere

279 3221 387 3306 ipsius,
413 3221 501 3285 cuius
524 3220 551 3285 si
574 3228 737 3286 auctorem
758 3221 982 3306 repperissent,
1014 3220 1177 3286 dedituros
1200 3217 1316 3284 luisse:

246 3342 261 3390 7
282 3345 352 3389 curn
376 3325 425 3390 dis
449 3325 532 3390 enim
555 3345 700 3410 pugnare
732 3326 908 3408 sacrilegos
931 3332 1063 3390 tantum.
1112 3323 1259 3390 Ceterum
1283 3342 1317 3386 se

279 3437 411 3514 'gentem
433 3429 466 3493 in
489 3429 583 3494 fidem
615 3430 742 3512 dedere,
763 3437 930 3516 superatos
960 3430 1088 3494 numine
1111 3429 1202 3494 illius.
1249 3427 1318 3492 Rex

281 3533 343 3599 fide
378 3533 454 3598 data
487 3540 519 3599 et
554 3535 689 3618 captivis
723 3535 861 3620 receptis
895 3543 1025 3618 gentem
1058 3534 1091 3597 in
1125 3531 1319 3598 deditionem

246 3638 418 3722 8-accepit.
465 3637 584 3704 Castris
615 3638 689 3703 inde
719 3640 813 3704 motis
846 3639 962 3704 lectica
991 3638 1117 3702 militari
1148 3636 1318 3716 ferebatur,

282 3763 379 3824 quarn
401 3761 458 3826 pro
481 3763 517 3808 se
541 3743 674 3826 quisque
701 3763 799 3826 eques
829 3743 992 3828 pedesque
1016 3741 1121 3808 subire
1144 3741 1318 3808 certabant.

284 3845 422 3928 Equites,
454 3866 525 3911 cum
548 3846 660 3929 quibus
691 3867 748 3913 rex
777 3847 899 3932 proelia
928 3843 1008 3912 inire
1031 3845 1140 3912 solitus
1164 3850 1241 3926 erat,
1272 3844 1320 3910 sui
