2970 4322
660 207 690 274 o.
711 206 818 260 cunm
838 206 924 259 aum

723 415 788 468 Cer.
809 415 867 468 Vll.

240 533 252 582 1
376 519 508 601 Iamque
519 524 710 584 armatorum
726 517 810 582 circa
822 517 1019 600 Meleagrum
1031 517 1181 599 frequens
1193 515 1314 598 globus
1329 515 1376 586 22
1466 474 1471 638 ἱ

270 630 346 705 erat,
366 623 400 696 in
422 622 611 688 seditionem
641 643 679 688 ae
703 621 897 688 discordiam
927 642 1021 688 versa
1052 621 1210 705 contione,
1242 641 1319 686 eum
1469 647 1472 716 q

1471 761 1472 792 l

1471 827 1472 878 l

1471 1493 1472 1544 l

270 727 399 811 quidam
430 727 593 811 plerisque
618 727 827 793 Macedonum
854 726 984 810 ignotus
1009 747 1048 791 ex
1078 725 1185 790 infima
1208 725 1318 810 plebe,

266 832 365 909 ‘Quid
388 851 468 916 opus
491 835 560 912 est,’
581 831 815 914 inquit,‘armis
841 830 990 914 civilique
1012 829 1098 896 bello
1122 829 1318 895 habentibus

234 951 387 1020 aregem
413 956 508 1017 quem
532 933 710 1018 quaeritis?
756 934 964 1016 Arrhidaeus,
989 935 1139 1020 Philippo
1171 934 1314 1018 genitus,

270 1039 445 1104 Alexandri
478 1040 574 1124 paulo
608 1046 681 1104 ante
712 1039 799 1122 regis
830 1039 936 1120 frater,
973 1059 1132 1104 sacrorum
1165 1038 1317 1103 caerimo-

270 1145 456 1226 niarumque
482 1163 610 1209 consors
641 1143 746 1226 modo,
771 1165 853 1208 nuuc
883 1143 969 1209 solus
999 1143 1102 1224 heres,
1125 1143 1317 1228 praeteritur

271 1271 291 1313 a
320 1248 421 1313 vobis.
478 1248 547 1324 Quo
582 1268 638 1314 suo
673 1247 811 1314 merito?
847 1247 965 1330 quidve
999 1247 1084 1326 fecit,
1125 1267 1181 1311 cur
1220 1247 1317 1310 etiam

272 1352 414 1435 gentium
437 1352 595 1418 communi
617 1352 686 1416 iure
710 1351 898 1417 fraudetur?
922 1352 956 1417 Si
972 1350 1154 1416 Alexandro
1178 1351 1316 1416 similem

271 1455 433 1539 quaeritis,
466 1477 638 1538 numquam
668 1456 841 1540 reperietis,
871 1456 898 1521 si
928 1456 1114 1541 proximum,
1145 1455 1197 1520 hic
1228 1457 1317 1520 solus

234 1563 334 1627 aest?
382 1561 440 1625 His
476 1561 594 1626 auditis
629 1561 735 1626 contio
770 1561 871 1645 primo
906 1560 1068 1626 silentium
1103 1561 1192 1626 velut
1227 1561 1318 1626 iussa

268 1667 395 1731 habuit:
422 1665 622 1731 conclamant
637 1665 756 1730 deinde
770 1665 890 1750 pariter
906 1664 1120 1731 Arrhidaeum
1136 1665 1318 1730 vocandum

268 1789 348 1851 esse,
362 1775 559 1852 mortemque
572 1769 711 1850 meritos,
725 1768 779 1852 qui
792 1770 971 1834 contionem
986 1769 1054 1834 sine
1067 1789 1105 1834 eo
1117 1769 1316 1839 habuissent.

240 1875 355 1938 4Tum
389 1873 507 1938 Pithon
541 1873 656 1958 plenus
686 1874 886 1939 lacrimarum
926 1873 1047 1938 orditur
1081 1873 1198 1954 dicere,
1234 1895 1319 1940 nune

271 1979 323 2044 vel
346 1978 483 2043 maxime
506 1978 718 2044 miserabilem
738 1997 809 2044 esse
825 1977 1049 2058 Alexandrum,
1067 1977 1120 2060 qui
1136 1983 1202 2041 tarn
1219 1978 1319 2042 bono·

271 2103 340 2147 rum
370 2082 487 2147 civium
516 2083 715 2165 militumque
744 2081 848 2147 fructu
880 2087 912 2147 et
934 2082 1116 2167 praesentia
1147 2081 1317 2147 fraudatus

272 2193 373 2251 esset:
403 2206 519 2252 nomen
550 2187 633 2251 enim
663 2188 911 2269 memoriamque
939 2185 1024 2269 regis
1051 2187 1100 2250 sui
1123 2193 1250 2251 tantum
1273 2187 1318 2251 in-

238 2301 254 2350 5
272 2297 396 2356 tuentes
419 2291 461 2355 ad
485 2300 590 2356 cetera
606 2291 748 2374 caligare
771 2310 825 2356 eos
841 2290 978 2355 —haud
994 2290 1142 2373 ambigue
1158 2291 1317 2371 iuvenem,

275 2395 326 2459 eui
357 2415 491 2478 regnum
522 2395 747 2476 destinabatur,
782 2415 923 2481 carpens.
969 2394 1035 2460 Sed
1068 2395 1196 2479 probra,
1235 2415 1318 2478 quae

274 2497 441 2579 obiecerat,
466 2499 568 2581 magis
590 2499 651 2584 ipsi
669 2499 776 2564 odium
792 2519 888 2582 quam
904 2498 1082 2568 Arrhidaeo
1099 2505 1318 2584 contemptum

275 2602 465 2666 attulerunt:
490 2603 607 2687 quippe
631 2602 706 2667 dum
729 2603 927 2680 miserentur,
951 2602 1047 2668 etiarn
1074 2601 1183 2668 favere
1207 2623 1318 2689 eoepe-

239 2712 356 2770 orunt.
401 2706 505 2789 Igitur
534 2728 597 2771 non
627 2708 725 2772 alium
756 2727 865 2790 regem
896 2727 930 2773 se
954 2727 1050 2790 quam
1081 2727 1163 2788 eum,
1189 2708 1243 2789 qui
1276 2707 1318 2771 ad
1471 2783 1472 2806 χ

274 2810 357 2874 hanc
376 2829 465 2893 spem
481 2811 608 2893 genitus
624 2818 717 2892 esset,
740 2830 889 2895 passuros
912 2810 1067 2895 pertinaci
1085 2811 1318 2876 acclamatione
1471 2857 1472 2890 ,

239 2925 255 2974 7
275 2913 436 2978 declarant
458 2915 628 2997 vocarique
644 2914 853 2980 Arrhidaeum
876 2915 994 2980 iubent.
1020 2915 1121 2991 Quem
1137 2915 1311 2998 Meleager,
1471 2931 1472 2978 l

274 3016 409 3083 infestus
420 3019 606 3101 invisusque
621 3019 802 3102 Perdiccae,
825 3027 951 3084 strenue
966 3019 1112 3104 perducit
1129 3019 1163 3082 in
1183 3019 1314 3102 regiam,

275 3129 306 3187 et
329 3122 444 3188 milites
468 3123 652 3208 Philippum
675 3125 905 3189 consalutatum
928 3144 1037 3206 regem
1060 3123 1234 3208 appellant.
1471 3162 1472 3227 t

238 3235 254 3286 8
377 3226 525 3291 Ceterum
548 3228 628 3292 haec
651 3227 737 3310 vulgi
769 3235 836 3292 erat
859 3248 932 3307 vox,
955 3227 1133 3312 principum
1155 3227 1220 3292 alia
1243 3220 1365 3293 sen-23
1471 3234 1472 3313 l

271 3329 379 3394 tentia.
426 3331 453 3393 Ε
487 3331 602 3413 quibus
635 3331 752 3397 Pithon
787 3332 951 3398 consilium
986 3331 1159 3398 Perdiccae
1194 3332 1307 3415 exequi
1471 3338 1472 3400 l

271 3433 376 3518 coepit
402 3441 585 3518 tutoresque
616 3435 753 3502 destinat
783 3435 850 3501 filio
882 3457 921 3500 ex
947 3437 1078 3502 Roxane
1108 3437 1214 3501 futuro
1238 3439 1310 3503 Per·
1471 3410 1472 3486 A

236 3537 391 3602 adiccam
414 3545 446 3603 et
469 3539 677 3619 Leonnatum,
703 3541 801 3625 stirpe
824 3540 915 3622 regia
936 3540 1069 3623 genitos.
1112 3539 1250 3622 Adiecit,
1275 3547 1309 3604 ut

271 3641 304 3706 in
327 3642 457 3725 Europa
474 3641 622 3708 Craterus
644 3650 676 3707 et
693 3643 862 3728 Antipater
876 3665 928 3708 res
943 3644 1211 3710 administrarent.
1237 3647 1318 3709 Tum

272 3743 489 3810 iusiurandum
521 3767 541 3810 a
565 3746 703 3829 singulis
734 3753 889 3829 exactum,
918 3748 1042 3814 futuros
1072 3749 1104 3813 in
1127 3756 1317 3834 potestatem

223 3859 255 3908 10
273 3845 357 3927 regis
383 3847 485 3928 geniti
510 3849 705 3914 Alexandro.
744 3851 905 3934 Meleager
926 3852 1070 3917 —haud
1092 3853 1209 3917 iniuria
1232 3862 1316 3918 metu
