3028 4322
398 223 650 278 HISTORIARUM
667 224 883 278 ALEXANDRI
901 225 939 278 ΠΙ
959 229 982 278 7.
1002 227 1026 279 8.
1194 229 1232 292 17

196 441 290 500 esset.
337 431 485 514 Denique
507 430 594 515 ipsos
618 429 736 496 cotidie
758 451 777 494 a
800 449 835 495 se
857 428 1007 496 advocari
1022 431 1054 495 in
1070 431 1236 498 consilium

196 538 365 620 variasque
399 535 572 601 sententias
606 532 721 615 dicere,
757 553 816 598 nec
849 540 956 599 tamen
987 519 1127 601 melioris
1161 534 1237 602 fidei

196 641 316 721 haberi,
342 639 396 724 qui
419 637 606 724 prudentius
630 637 773 703 suaserit.
813 637 926 720 Itaque
942 634 1074 704 Graecis
1090 638 1236 704 nuntiare
1255 655 1271 704 v

195 746 295 826 iubet,
319 743 425 829 ipsum
448 741 575 826 quidem
597 741 833 807 benivolentiae
848 741 975 806 illorum
990 742 1111 825 gratias
1126 762 1235 825 agere,

195 857 346 928 ceterum,
370 847 397 913 si
419 853 504 912 retro
520 846 566 910 ire
581 851 703 929 pergat,
727 843 814 910 haud
830 845 926 912 dubie
941 866 1075 929 regnum
1092 845 1236 913 hostibus

194 953 394 1018 traditurum.
452 951 551 1014 Fama
584 950 669 1014 bella
699 956 794 1030 stare,
830 957 861 1014 et
896 970 978 1030 eum,
1002 949 1064 1032 ‘qui
1097 950 1234 1031 recedat,

195 1058 308 1140 fugere
331 1054 426 1122 credi.
473 1052 636 1118 Trahendi
658 1073 735 1119 vero
767 1053 843 1120 belli
866 1055 921 1120 vix
952 1054 1048 1120 ullam
1073 1055 1270 1120 asseratis

195 1182 300 1226 onem.
337 1160 459 1225 Tantae
482 1158 566 1224 enim
589 1156 795 1239 multitudini,
819 1159 929 1241 utique
953 1178 1025 1222 cum
1048 1158 1111 1223 iam
1133 1159 1237 1224 hiems

194 1267 335 1347 instaret,
359 1265 390 1329 iu
415 1263 545 1348 regione
567 1269 660 1328 vasta
683 1271 715 1328 et
736 1263 872 1329 invicem
894 1285 914 1328 a
937 1264 1002 1329 suis
1025 1271 1121 1346 atque
1144 1263 1237 1330 hoste

194 1377 311 1434 vexata
347 1389 412 1434 non
449 1367 621 1433 suffectura
657 1367 820 1434 alimenta.
880 1368 930 1432 Ne
968 1367 1070 1433 dividi
1108 1368 1272 1451 quideme

196 1473 306 1558 copias
328 1493 424 1559 posse
447 1478 573 1537 servato
595 1490 683 1536 more
705 1471 867 1553 maiorum,
893 1472 947 1553 qui
969 1471 1136 1538 universas
1151 1473 1237 1538 vires

195 1577 369 1643 discrimini
406 1576 562 1644 bellorum
600 1595 726 1661 semper
764 1575 944 1643 obtulerint.
1006 1577 1057 1657 Et,
1095 1576 1234 1658 hercule,
1257 1591 1289 1640 10

195 1681 369 1748 terribilem
406 1688 501 1748 antea
537 1701 649 1764 regem
694 1687 726 1746 et
769 1680 912 1746 absentia
950 1701 1007 1746 sua
1043 1680 1086 1746 ad
1122 1703 1237 1747 vanam

196 1785 345 1851 fiduciam
362 1786 491 1864 elatum,
515 1791 683 1869 postquam
699 1784 872 1851 adventare
888 1805 923 1850 se
939 1786 1084 1866 senserit,
1109 1794 1237 1851 cautum

195 1911 254 1976 pro
276 1889 444 1956 temerario
474 1889 603 1969 factum,
635 1888 800 1954 delituisse
831 1889 913 1954 inter
943 1889 1111 1972 angustias
1128 1889 1235 1970 saltus,

196 1994 258 2060 ritu
290 1993 479 2076 ignobilium
512 1993 660 2074 ferarum,
696 2013 776 2075 quae
807 1993 940 2078 strepitu
969 1994 1238 2078 praetereuntium

195 2097 305 2162 audito
329 2097 480 2163 silvarum
502 2096 631 2162 latebris
654 2117 689 2162 se
712 2097 903 2162 occulerent.
950 2097 1018 2162 Iam
1042 2097 1140 2163 etiam
1162 2097 1238 2163 vali·
1258 2111 1288 2159 11

195 2200 313 2266 tudinis
330 2200 530 2267 simulatione
545 2201 688 2266 frustrari
706 2221 778 2267 suos
792 2201 917 2267 milites.
944 2201 1010 2267 Sed
1024 2222 1087 2266 non
1103 2203 1238 2287 amplius

195 2306 301 2391 ipsum
321 2325 393 2371 esse
411 2326 580 2391 passurum
604 2305 782 2371 detractare
802 2312 980 2372 certamen:
1003 2306 1036 2370 in
1055 2307 1109 2371 illo
1129 2327 1237 2392 specu,

195 2411 227 2475 in
241 2431 336 2494 quem
351 2409 458 2495 pavidi
473 2409 691 2492 recessissent,
710 2430 935 2496 oppressurum
951 2431 1024 2476 esse
1040 2417 1236 2478 cunctantes.

144 2525 186 2598 20
198 2515 286 2581 Haec
301 2513 554 2598 magnificentius
569 2514 684 2580 iactata
699 2535 794 2597 quam
805 2514 920 2580 verius.
944 2515 1091 2580 Ceterum
1104 2514 1238 2601 pecunia
1258 2526 1290 2574 12

195 2619 281 2685 omni
294 2628 462 2701 rerumque
477 2618 715 2703 pretiosissimis
731 2619 925 2684 Damascum
940 2618 1054 2703 Syriae
1078 2639 1150 2684 cum
1174 2639 1237 2683 mo-

196 2723 268 2789 dico
286 2723 445 2808 praesidio
469 2723 604 2788 militum
620 2722 725 2788 missis
747 2723 888 2806 reliquas
912 2724 1021 2807 copias
1044 2724 1077 2787 in
1094 2723 1237 2789 Ciliciam

195 2827 296 2906 duxit,
312 2827 550 2910 insequentibus
566 2846 653 2892 more
669 2827 772 2912 patrio
787 2848 905 2910 agmen
921 2827 1057 2910 coniuge
1072 2848 1111 2893 ac
1126 2835 1234 2893 matre.

195 2931 346 3014 Virgines
376 2951 503 3014 quoque
534 2952 605 2996 cum
628 2951 727 3016 parvo
760 2931 825 2995 filio
850 2931 1081 2997 comitabantur
1103 2939 1234 3017 patrem.

300 3035 395 3100 Forte
417 3035 530 3102 eadem
552 3045 645 3101 nocte
669 3043 700 3100 et
716 3034 899 3100 Alexander
914 3035 955 3099 ad
978 3035 1094 3117 fauces,
1120 3036 1235 3119 quibus
1256 3056 1287 3104 13

196 3141 289 3225 Syria
311 3139 425 3222 aditur,
449 3147 481 3205 et
504 3142 629 3206 Dareus
651 3139 693 3204 ad
716 3160 789 3205 eum
812 3140 926 3224 locum,
950 3159 1045 3222 quem
1065 3140 1235 3206 Amanicas

196 3245 294 3329 Pylas
324 3251 448 3323 vocant,
483 3240 635 3328 pervenit.
681 3245 751 3309 Nec
781 3243 968 3310 dubitavere
1000 3243 1124 3329 Persae,
1159 3245 1235 3326 quin
1256 3264 1287 3312 14

194 3349 264 3414 Isso
286 3349 407 3430 relicta,
439 3368 535 3430 quam
558 3356 718 3432 ceperant,
750 3348 942 3414 Macedones
966 3347 1131 3430 fugerent:
1162 3369 1236 3413 nam

195 3453 291 3518 etiam
325 3453 426 3518 saucii
459 3453 588 3536 quidam
619 3460 651 3517 et
680 3452 822 3532 invalidi,
858 3453 912 3534 qui
942 3473 1059 3536 agmen
1089 3472 1152 3517 nou
1183 3475 1235 3538 po-

195 3563 300 3624 terant
329 3558 491 3642 persequi,
515 3557 640 3641 excepti
672 3565 771 3622 erant.
819 3556 908 3633 Quos
938 3557 1052 3638 omnis,
1083 3557 1235 3622 instinctu
1255 3576 1286 3624 15

194 3667 436 3747 purpuratorum
482 3662 614 3727 barbara
659 3661 785 3730 feritate
830 3662 1046 3742 saevientium,
1080 3661 1234 3746 praecisis

194 3765 380 3847 adustisque
410 3765 556 3833 manibus
587 3763 790 3850 circumduci,
821 3772 855 3830 ut
885 3766 993 3851 copias
1024 3787 1097 3831 suas
1127 3787 1234 3831 nosce-

194 3877 273 3951 rent,
306 3871 446 3952 satisque
476 3871 621 3936 omuibus
652 3869 803 3956 spectatis
836 3870 991 3951 nuntiare,
1022 3890 1103 3954 quae
1136 3871 1231 3936 vidis-

247 4009 345 4053 Curtius
359 4009 435 4052 Rufus
450 4020 498 4051 von
513 4009 588 4052 Stau
598 4007 635 4061 gl.
1113 3997 1128 4045 2
