3028 4322
291 216 330 280 18
678 217 708 283 o.
729 216 940 272 acaricum

240 433 271 484 16
290 429 369 502 sent,
405 422 475 506 regi
505 442 563 488 suo
593 422 695 488 iussit.
740 421 834 488 Motis
869 442 946 506 ergo
977 415 1089 488 castris
1120 429 1248 509 superat
1277 423 1323 486 Pi-

288 546 399 591 narum
421 547 556 607 amnem,
586 526 619 590 in
645 527 754 610 tergis,
784 531 819 592 ut
849 526 1008 608 credebat,
1040 526 1232 610 fugientium
1254 526 1323 591 hae·

290 649 391 696 surus.
438 630 559 710 Atilii,
590 648 726 712 quorum
756 637 975 714 amputaverat
1004 650 1126 712 manus,
1157 629 1199 696 ad
1222 637 1327 695 castra
1339 630 1378 701 21

290 733 499 828 Macedonum
530 741 705 820 penetrant,
730 735 880 816 Dareum,
914 741 1032 818 quanto
1062 734 1201 800 maximo
1232 754 1326 800 cursu

240 848 272 899 17
290 844 408 923 posset,
432 839 522 922 sequi
544 839 737 905 nuntiantes.
785 839 848 904 Vix
874 838 954 904 fides
984 839 1169 905 habebatur.
1215 839 1326 920 Itaque

252 961 262 1026 r,
290 943 487 1026 speculatum
516 963 573 1007 rex
606 942 685 1007 mari
714 943 747 1007 in
781 963 835 1008 eas
869 943 1016 1027 regiones
1050 943 1241 1028 praemissos
1275 963 1326 1008 ex·

289 1045 412 1130 plorare
448 1046 545 1126 iubet,
591 1046 662 1131 ipse
698 1045 827 1112 adesset
863 1069 905 1111 an
942 1047 1176 1132 praefectorum
1211 1047 1326 1130 aliquis

239 1159 271 1212 18
289 1150 429 1235 speciem
463 1151 663 1234 praebuisset
696 1151 834 1217 universi
868 1151 1025 1217 venientis
1049 1151 1216 1217 exereitus.
1263 1151 1327 1216 Sed

290 1274 362 1319 curn
396 1255 613 1340 speculatores
646 1261 893 1336 reverterentur,
931 1257 1042 1340 procul
1078 1256 1193 1338 ingens
1226 1255 1327 1320 multi-

289 1358 366 1424 tudo
400 1365 571 1444 conspecta
594 1363 652 1425 est.
698 1360 796 1443 Ignes
827 1359 943 1425 deinde
972 1360 1049 1425 totis
1079 1360 1201 1445 campis
1233 1360 1327 1424 collu-

290 1484 362 1529 cere
385 1471 571 1548 coeperunt,
607 1464 777 1547 omniaque
799 1465 887 1530 velut
910 1463 1084 1529 continenti
1110 1463 1258 1529 incendio
1282 1485 1328 1528 ar-

290 1566 365 1632 dere
398 1567 476 1649 visa,
516 1588 588 1632 cum
625 1567 787 1633 incondita
826 1568 995 1634 multitudo
1030 1567 1167 1634 manime
1200 1571 1328 1653 propter

242 1688 273 1738 19
291 1672 432 1737 iumenta
464 1671 567 1737 laxius
601 1670 755 1738 tenderet.
800 1671 913 1754 Itaque
947 1693 985 1737 eo
1015 1672 1085 1757 ipso
1115 1673 1185 1736 loco
1215 1672 1328 1737 metari

290 1795 364 1842 suos
403 1781 508 1841 castra
559 1775 705 1857 iusserat,
750 1774 983 1859 laetus-quod
1020 1775 1105 1841 omni
1151 1775 1328 1860 expetierat

210 1910 215 1926 r
291 1881 443 1946 voto-in
473 1879 535 1944 illis
566 1879 765 1964 potissimum
795 1879 951 1963 angustiis
982 1878 1218 1944 decernendum
1249 1878 1326 1944 fore.

243 1999 277 2049 20
399 1983 625 2049 Ceterum-ut
648 1983 729 2049 solet
744 1983 821 2066 fieri,
840 2003 914 2048 oum
928 1983 1029 2048 ultimi
1045 1983 1235 2049 discriminis
1250 1990 1328 2048 tem-

290 2109 350 2174 pus
365 2087 593 2154 adventat-in
616 2089 862 2154 sollicitudinem
885 2109 978 2154 versa
999 2087 1115 2153 fiducia
1138 2094 1196 2153 est.
1234 2087 1327 2152 Illam

290 2193 394 2278 ipsam
423 2191 590 2274 fortunam,
623 2213 685 2276 qua
714 2193 874 2278 aspirante
904 2199 1047 2257 restam
1076 2211 1229 2277 prospere
1258 2213 1327 2276 ges·

291 2302 386 2376 serat,
423 2298 594 2362 verebatur
627 2317 686 2362 neo
723 2296 839 2362 iniuria
877 2317 918 2362 ex
950 2296 1011 2379 his,
1049 2317 1132 2380 quae
1165 2297 1328 2363 tribuisset

291 2399 361 2480 sibi,
392 2419 488 2483 quam
510 2400 670 2466 mutabilis
700 2407 794 2482 esset,
825 2402 1009 2486 reputabat:
1040 2421 1136 2465 unam
1159 2421 1327 2486 superesse

289 2510 424 2586 noctem,
471 2524 552 2587 quac
596 2505 675 2570 tanti
720 2504 910 2570 discriminis
955 2511 1129 2570 moraretur
1166 2512 1323 2571 eventum.
1411 2501 1414 2505 ’

238 2623 270 2672 21
290 2609 411 2673 Rursus
441 2609 635 2690 occurrebat,
666 2609 785 2674 maiora
814 2609 963 2694 periculis
993 2609 1142 2694 praemia,
1173 2615 1214 2692 et,
1245 2610 1328 2675 sicut

290 2711 422 2778 dubium
444 2718 538 2793 esset,
563 2733 604 2777 an
627 2712 776 2795 vinceret,
801 2713 845 2778 ita
867 2713 947 2777 illud
969 2713 1081 2796 utique
1104 2719 1225 2778 certum
1245 2733 1325 2795 esse,

238 2831 272 2880 22
290 2815 423 2881 honeste
446 2823 479 2881 et
508 2836 579 2881 cum
610 2837 729 2899 magna
758 2815 853 2882 laude
884 2816 1079 2888 moriturum.
1125 2817 1238 2900 ltaque
1262 2837 1327 2883 cor-

290 2939 367 3004 pora
396 2920 513 2986 milites
545 2940 655 2984 curare
685 2921 777 2986 iussit
806 2941 845 2985 ao
874 2920 990 2986 deinde
1020 2921 1112 2986 tertia
1142 2921 1253 3004 vigilia
1282 2921 1326 2986 in-

290 3031 425 3090 structos
448 3031 480 3089 et
509 3030 647 3090 armatos
670 3044 750 3091 esse.
798 3026 873 3109 Ipse
901 3025 934 3090 in
963 3025 1074 3108 iugum
1105 3025 1181 3090 editi
1210 3027 1327 3092 montis

291 3128 435 3194 escendit
468 3128 639 3212 multisque
673 3129 902 3194 collucentibus
940 3129 1063 3195 facibus
1100 3130 1202 3214 patrio
1239 3150 1326 3196 more

239 3247 272 3296 23
291 3232 479 3297 sacrificium
503 3231 552 3297 dis
582 3233 781 3317 praesidibus
811 3233 872 3298 loci
902 3233 988 3298 fecit.
1033 3234 1166 3316 Iamque
1188 3234 1325 3316 tertium,

291 3337 373 3402 sicut
406 3343 612 3421 praeceptum
646 3344 720 3418 erat,
756 3337 882 3420 signum
915 3339 993 3404 tuba
1027 3338 1117 3404 miles
1148 3346 1326 3425 acceperat,

290 3441 396 3505 itineri
419 3440 514 3505 simul
540 3447 668 3526 paratus
698 3461 736 3506 ac
766 3442 896 3526 proelio,
935 3450 1128 3524 strenueque
1157 3444 1235 3509 iussi
1258 3465 1327 3528 pro-

292 3544 405 3610 cedere
442 3545 562 3610 oriente
600 3546 671 3610 luce
708 3554 920 3632 pervenerunt
957 3546 999 3610 ad
1036 3548 1210 3634 angustias,
1248 3569 1326 3632 quas

239 3660 273 3712 24
292 3669 448 3734 occupare
472 3649 687 3715 decreverant.
732 3651 873 3715 Dareum
892 3659 968 3714 XXX
982 3651 1056 3716 inde
1086 3651 1188 3718 stadia
1214 3653 1327 3718 abesse

292 3753 455 3835 praemissi
492 3753 682 3820 indicabant.
742 3755 832 3820 'lunc
869 3755 1041 3821 consistere
1078 3777 1195 3840 agmen
1239 3757 1327 3823 iubet

292 3857 451 3939 armisque
474 3857 542 3942 ipse
565 3859 699 3943 sumptis
722 3859 823 3924 aciem
847 3858 977 3924 ordinat.
