2970 4322
399 183 651 238 HISTORIARUM
669 185 883 239 ALEXANDRI
903 186 926 237 X
945 189 969 239 5.
1140 189 1202 254 299

269 389 336 456 Η66
366 391 577 474 cogitationes
607 392 809 458 volventibus
838 413 903 458 nox
932 397 1116 480 supervenit
1141 403 1201 462 ter·
1222 409 1254 460 15

162 515 331 578 roremque
354 495 453 560 auxit.
493 497 612 565 Milites
635 497 666 562 in
689 498 787 562 armis
810 497 1003 581 vigilabant:
1033 501 1202 585 Babylonii

161 599 245 664 alius
268 620 286 664 6
309 599 416 679 muris,
440 599 523 665 alius
553 601 690 665 culmine
714 601 763 666 sui
786 603 921 686 quisque
951 603 1028 669 teeti
1058 625 1204 690 prospec-

161 703 283 783 tabant,
311 704 401 786 quasi
440 705 575 770 certiora
612 705 719 770 visuri.
770 705 839 771 Nec
874 707 1045 791 quisquam
1081 709 1255 774 luminare

164 807 306 873 audebat
335 808 520 874 accendere.
567 811 608 873 Et
638 809 714 892 quia
744 810 908 875 oculorum
939 815 1086 879 cessabat
1115 834 1205 897 usus,

160 913 309 977 fremitus
329 931 489 996 vocesque
512 913 642 978 auribus
666 914 839 999 captabant
850 937 898 999 ac,
917 915 1105 1001 plerumque
1121 939 1203 984 vano

159 1024 248 1082 metu
270 1017 381 1098 territi,
393 1037 451 1102 per
474 1018 626 1083 obscuras
651 1019 791 1099 semitas,
812 1019 892 1085 alius
912 1020 967 1084 alii
986 1028 1198 1104 occursantes

158 1121 296 1186 invicem
324 1121 465 1206 suspecti
488 1143 527 1186 ae
550 1122 678 1187 solliciti
709 1121 903 1190 ferebantur.
950 1125 1068 1190 Persae
1099 1127 1199 1192 comis
1221 1143 1252 1192 17

157 1246 217 1291 suo
241 1245 327 1290 more
359 1225 500 1290 detonsis
523 1227 557 1290 in
579 1226 705 1310 lugubri
727 1235 818 1292 veste
848 1249 920 1294 cum
951 1229 1139 1313 coniugibus
1162 1251 1201 1295 ac

156 1329 267 1396 liberis
294 1349 358 1394 non
382 1336 416 1393 ut
438 1330 594 1396 victorem
616 1336 649 1394 et
671 1331 765 1396 modo
797 1331 931 1415 hostem,
956 1333 1012 1398 sed
1036 1341 1069 1398 ut
1091 1335 1198 1418 gentis

157 1453 236 1500 suae
273 1434 480 1500 iustissimum
517 1456 625 1518 regem
656 1456 731 1502 vero
765 1436 926 1503 desiderio
963 1439 1116 1521 lugebant
1149 1461 1197 1521 ac,

159 1539 242 1604 sueti
266 1538 325 1603 sub
351 1559 427 1622 rege
456 1539 574 1620 vivere,
602 1560 666 1604 non
688 1539 796 1618 alium,
827 1541 881 1624 qui
910 1541 1080 1626 imperaret
1109 1543 1196 1628 ipsis,

103 1638 144 1711 l'l
163 1643 341 1727 digniorem
364 1643 463 1708 fuisse
485 1643 725 1708 confitebantur.
770 1645 839 1710 Nec
862 1645 960 1710 muris
983 1645 1071 1711 urbis
1093 1648 1197 1714 luctus
1222 1663 1254 1714 rs

157 1747 387 1828 continebatur,
424 1747 482 1811 sed
515 1747 693 1832 proximam
728 1747 892 1831 regionem
922 1749 962 1814 ab
997 1770 1044 1832 ea,
1080 1750 1197 1818 deinde

156 1873 306 1934 magnam
336 1857 459 1936 partem
483 1847 581 1916 Asiae
611 1852 657 1916 eis
688 1851 876 1937 Euphraten
906 1853 980 1918 mali
1012 1854 1099 1918 fama
1128 1876 1197 1940 per-

160 1963 298 2022 vaserat.
350 1955 402 2020 Ad
434 1956 531 2020 Darei
565 1975 691 2039 quoque
729 1964 861 2022 matrem
899 1957 1044 2022 celeriter
1078 1960 1202 2044 perlata
1221 1975 1253 2025 19

160 2066 219 2126 est.
265 2060 418 2126 Abscissa
440 2080 516 2144 ergo
539 2067 638 2142 veste,
662 2081 757 2144 qnam
787 2061 901 2126 induta
927 2067 1005 2143 erat,
1030 2061 1199 2146 lugubrem

155 2165 291 2248 sumpsit
314 2165 525 2248 laceratisque
549 2165 688 2230 crinibus
714 2164 802 2229 humi
826 2185 940 2250 corpus
963 2165 1089 2230 abiecit.
1137 2167 1195 2233 As·
1218 2183 1253 2232 20

155 2269 281 2335 sidebat
304 2269 333 2335 61
363 2269 465 2334 altera
494 2290 535 2334 ex
557 2269 716 2354 neptibus,
745 2289 847 2354 nuper
876 2270 1028 2335 amissum
1052 2270 1202 2356 Hephae-

154 2375 300 2455 stionem,
335 2374 385 2438 cui
419 2381 582 2458 nupserat,
605 2374 727 2457 lugens,
755 2374 964 2459 propriasque
996 2393 1110 2439 causas
1147 2375 1200 2441 do-

162 2479 237 2544 loris
268 2477 301 2543 in
331 2479 489 2545 communi
522 2478 681 2544 maestitia
710 2477 912 2544 retractabat.
962 2477 1027 2542 Sed
1061 2479 1200 2543 omnium
1219 2497 1251 2546 21

160 2602 289 2648 suorum
326 2583 411 2647 mala
450 2583 640 2666 Sisigambis
681 2602 745 2646 una
782 2583 938 2668 capiebat.
994 2583 1054 2647 Illa
1094 2602 1192 2666 suam,

155 2687 212 2752 illa
242 2687 384 2772 neptium
414 2687 516 2752 vicem
546 2685 653 2752 flebat.
699 2688 824 2752 Recens
855 2687 944 2753 dolor
978 2687 1073 2752 etiam
1108 2707 1196 2773 prae·

153 2792 249 2857 terita
278 2799 495 2857 revocaverat.
542 2791 696 2857 Crederes
729 2791 825 2857 modo
858 2791 1009 2856 amissum
1038 2792 1188 2874 Dareum,

154 2905 185 2962 ct
209 2895 327 2983 pariter
356 2895 493 2962 miserae
523 2895 657 2961 duorum
686 2895 821 2961 filiorum
852 2896 1005 2978 exequias
1035 2915 1107 2962 esse
1136 2897 1190 2961 du-

156 2999 285 3066 cendas.
332 2999 444 3064 urebat
474 2999 569 3064 simul
599 3007 740 3066 mortuos
766 2999 930 3082 vivosque.
977 3000 1079 3077 Quem
1110 3001 1194 3065 enim
1215 3016 1248 3064 22

153 3103 331 3189 puellarum
361 3110 504 3168 acturum
535 3122 607 3168 esse
637 3103 769 3168 curam?
800 3123 894 3185 quem
924 3103 1021 3168 alium
1051 3105 1197 3169 futurum

153 3206 397 3276 Alexandrum?
426 3208 540 3274 iterum
571 3226 642 3272 esse
672 3227 706 3272 se
737 3213 857 3291 captas,
888 3209 1003 3272 iterum
1032 3207 1190 3274 excidisse

155 3301 296 3394 regnum.
343 3311 403 3389 Qui
430 3318 552 3377 mortuo
575 3312 682 3376 Dareo
705 3311 793 3394 ipsas
826 3317 974 3391 tueretur,
1005 3313 1195 3396 repperisse,

154 3416 208 3498 qui
231 3422 305 3500 post
327 3414 543 3481 Alexandrum
566 3415 751 3499 respiceret,
774 3415 882 3498 utique
911 3435 973 3479 non
1001 3423 1191 3500 reperturos.

154 3519 288 3584 Subibat
310 3519 392 3584 inter
421 3518 502 3584 haec
531 3519 679 3600 animum,
704 3529 805 3582 LXXX
828 3519 942 3584 fratres
972 3539 1046 3586 suos
1078 3521 1248 3586 ebdomas

153 3621 206 3688 die
236 3623 277 3687 ab
308 3622 405 3704 Oche,
437 3623 623 3689 saevissimo
657 3643 777 3706 regum,
812 3623 994 3704 trucidatos,
1019 3623 1190 3690 adiectum-

152 3747 215 3810 que
246 3727 347 3810 stragi
377 3734 425 3792 tot
453 3726 588 3791 filiorum
618 3735 755 3812 patrem:
780 3747 797 3792 6
821 3734 942 3812 septem
968 3728 1085 3809 liberis,
1115 3750 1194 3811 quos

152 3831 317 3915 genuisset
347 3831 426 3915 ipsa,
458 3849 555 3896 unum
585 3851 767 3917 superesse:
798 3831 902 3916 ipsum
932 3833 1073 3898 Dareum
1103 3832 1194 3898 floru-
