3040 4318
299 254 330 320 Q.
348 252 457 307 CURTI
476 251 563 306 RUFI
581 249 836 305 HISTORIARUM
853 251 1069 305 ALEXANDRI
1088 253 1133 306 VI.
1175 252 1238 318 125

195 484 275 524 nam
298 483 337 524 ea
360 459 574 522 intervenerat
597 492 638 504 --
663 457 744 521 adeo
758 479 822 521 nou
836 456 1062 542 interpellauit,
1085 467 1121 521 ut
1139 459 1238 523 etiam

196 563 370 626 adiuverit.
424 558 549 646 Quippe
574 559 761 647 sapientem
791 561 951 625 insecutus
981 559 1170 626 Aleaandcr
1203 563 1239 626 in

195 668 371 754 lonqinquo
402 666 473 729 loca
503 665 611 750 mapis
633 665 800 750 maqisque
821 665 1024 750 rapiebatur,
1059 675 1088 729 et
1110 689 1150 730 en
1172 668 1240 752 ipso

189 773 313 858 proelia
336 769 636 834 mercennariorum
667 769 777 854 inpens
804 769 978 832 multitudo
1000 769 1036 832 iu
1059 769 1239 834 Graeciam

186 876 280 961 supa
296 883 543 960 penetraverat:
574 894 711 958 quorum
734 882 800 936 octo
822 872 919 936 milia
943 873 1077 936 Persica
1094 875 1238 958 pecunia

196 979 351 1043 conducit
386 976 467 1065 Apis
500 999 670 1062 eorumque
704 999 801 1062 opera
828 976 1002 1062 plerasque
1038 974 1238 1041 Cretensium

194 1085 287 1147 urbes
321 1083 447 1167 recepit.
495 1079 579 1145 Cum
608 1081 756 1166 deinceps
779 1081 906 1162 Menon,
930 1081 966 1144 in
993 1079 1173 1145 lbraciam
1197 1083 1238 1146 ab

198 1185 388 1250 Alenanclro
411 1186 537 1267 missus,
569 1173 725 1249 barbaros
747 1186 793 1250 ad
822 1184 1033 1269 defectionem
1062 1186 1240 1270 impulisset

202 1291 308 1376 adque
331 1315 405 1354 eam
429 1290 707 1375 comprimendam
722 1288 896 1375 Antipater
910 1289 1086 1354 accersitam
1109 1311 1148 1354 erc
1165 1291 1237 1354 Ma-

196 1395 330 1459 cedonia
362 1395 398 1458 in
434 1393 613 1458 Thraciam
645 1394 798 1475 ducisset,
828 1393 1060 1480 opportunitate
1090 1395 1240 1479 temporis

194 1509 319 1563 strenue
348 1499 402 1562 usi
432 1498 688 1562 Lacedaemonii
718 1508 817 1562 totam
844 1498 1094 1583 Peloponnesum
1117 1499 1239 1582 paucis

194 1603 328 1667 urbibus
351 1603 489 1688 ecceptis
511 1604 548 1666 in
563 1613 677 1688 partes
692 1612 862 1666 transeunt
878 1601 1080 1687 confectoque
1096 1603 1239 1666 enercita

194 1707 313 1793 oipinti
336 1703 468 1770 milium
485 1707 636 1791 peditum
668 1729 741 1769 cum
772 1707 933 1792 equitibus
955 1707 1003 1769 bis
1026 1705 1113 1770 mille
1136 1705 1239 1792 Apidi

194 1833 360 1874 mammam
383 1811 516 1896 imperii
538 1811 728 1875 detulerunt.
764 1809 937 1895 Antipater
959 1833 997 1873 eo
1020 1833 1054 1874 re
1078 1820 1237 1896 comperta

194 1915 312 1978 bellum
331 1915 368 1978 in
384 1914 541 1997 Thracia,
565 1915 681 2000 quibus
690 1925 791 2000 potest
807 1915 1058 1995 condicionibus,
1082 1916 1240 1999 componit

195 2020 380 2105 raptimque
411 2019 447 2082 in
470 2019 650 2083 Graeciam
680 2041 838 2104 repressus
868 2019 909 2082 ab
940 2018 1059 2081 amicis
1084 2019 1238 2104 sociisque

201 2123 388 2186 civitatibus
427 2123 559 2186 currilia
599 2123 690 2209 copit.
739 2121 865 2196 Quibus
902 2121 1157 2186 convenientibus
1194 2124 1239 2187 acl

197 2228 424 2314 quadrapinta
451 2237 675 2313 pupnatorum
709 2228 806 2290 milia
841 2227 1008 2291 recensuit.
1054 2225 1240 2292 Advenerat

196 2343 226 2397 et
259 2355 298 2395 erc
329 2331 539 2416 Peloponneso
573 2331 688 2395 ualida
723 2354 859 2395 manus:
897 2331 952 2395 sed
985 2333 1065 2416 quia
1100 2331 1238 2396 dubiam

195 2437 339 2522 ipsorum
353 2434 459 2516 fidem
481 2436 665 2517 resciverat,
688 2435 898 2499 dissimulata
915 2437 1090 2520 susspicione
1110 2435 1240 2521 pretias

191 2540 264 2625 epit,
299 2539 383 2625 quod
418 2540 463 2603 ad
496 2539 738 2625 defendendam
772 2541 927 2604 aduersus
964 2539 1240 2603 Lacedaemonios

196 2642 384 2708 Alenandri
409 2644 602 2729 dipnitatem
626 2643 813 2728 affuissent:
836 2644 1034 2729 scripturum
1057 2666 1087 2707 se
1109 2643 1144 2706 id
1159 2644 1238 2732 repi,

189 2749 338 2835 qratiam
369 2749 406 2810 in
435 2758 572 2833 tempore
601 2749 754 2812 relaturo.
800 2749 840 2812 In
862 2771 1018 2834 praesens
1047 2748 1133 2811 nihil
1162 2771 1240 2832 opus

193 2875 256 2916 esse
288 2852 469 2915 maioribus
499 2853 617 2937 copiis:
648 2853 758 2938 itaque
789 2853 898 2917 domos
915 2853 1067 2934 redirent,
1090 2851 1238 2937 faederis

194 2956 379 3021 necessitate
414 2957 549 3041 eupleta.
602 2957 743 3020 Nuntios
779 2958 894 3020 deinde
930 2957 975 3020 ad
1008 2954 1238 3020 Aleuandrum

191 3060 303 3142 mittit,
326 3061 365 3124 de
388 3070 477 3124 motu
499 3060 662 3125 Graeciae
687 3061 850 3124 certiorem
866 3060 1031 3146 facturos.
1060 3059 1163 3145 Atque
1187 3061 1240 3126 illi

192 3187 299 3250 repam
323 3164 413 3249 apud
427 3165 556 3227 Bactra
572 3165 703 3228 demum
720 3165 878 3228 consecuti
900 3175 983 3246 sant,
1008 3187 1082 3227 cum
1106 3164 1235 3230 interim

192 3267 363 3354 Antipatri
377 3269 516 3332 victoria
540 3279 568 3332 et
590 3292 664 3333 nece
679 3267 798 3355 Apidis
813 3270 850 3333 in
865 3267 1018 3332 Arcadia
1035 3277 1238 3336 transactum

192 3381 277 3436 esset.
323 3371 412 3437 Sane
450 3372 521 3436 iam
552 3373 686 3458 pridem
724 3373 866 3437 tumultu
903 3372 1238 3437 lacedaemoniorum

198 3477 331 3561 coquito,
355 3486 515 3561 quantam
539 3486 582 3540 tot
604 3487 769 3541 terrarum
791 3477 907 3563 spatiis
929 3477 1085 3540 discretus
1100 3486 1238 3561 poterat,
1267 3498 1270 3506 ’

185 3580 400 3665 providerat:
437 3577 669 3666 Amphoterum
707 3603 782 3644 cum
822 3579 951 3667 Cypriis
987 3591 1016 3644 et
1053 3580 1239 3644 Phoeniciis

192 3684 335 3748 navibus
356 3684 392 3748 in
415 3684 666 3769 Peloponnesum
688 3686 857 3771 navipare,
881 3685 1026 3749 Meneten
1049 3684 1117 3746 tria
1140 3683 1237 3747 milia

193 3787 351 3852 talentum
385 3787 431 3851 ad
464 3811 557 3852 mare
586 3788 714 3873 deferre
745 3789 893 3869 iusserat,
927 3797 963 3850 ut
993 3811 1032 3850 ecc
1055 3787 1239 3872 propinquo

192 3892 370 3977 pecuniam
379 3891 554 3977 Antipatro
562 3893 846 3974 sumministraret,
855 3901 981 3977 quanta
990 3890 1085 3953 illum
1095 3891 1237 3975 indipere
