3028 4322
314 229 356 291 22
703 229 733 294 Q.
754 228 861 281 CURTI
879 226 966 280 RUFI

313 434 408 500 urbes
431 454 538 499 eorum
561 440 769 518 expugnatas,
794 431 923 497 foedera
943 429 1042 496 divini
1058 429 1251 513 humanique
1274 428 1354 492 iuris

312 537 431 604 violata
452 537 621 602 referebat.
659 537 785 620 Illyrios
808 555 884 600 vero
907 542 940 600 et
953 535 1106 614 Thracas,
1129 539 1220 616 rapto
1243 532 1354 597 vivere

313 649 479 740 assuetos·
507 642 609 706 aciem
647 640 785 706 hostium
823 660 899 704 auro
934 659 1136 724 purpuraque
1175 636 1354 718 fulgentem

264 761 296 810 10
315 747 429 813 intueri
461 746 599 828 iubebat,
636 745 797 830 praedam,
829 765 892 809 non
922 765 1009 808 arma
1039 749 1235 826 gestantem:
1269 741 1354 805 irent

314 859 345 919 et
366 851 546 916 imbellibus
570 850 694 916 feminis
717 870 828 914 aurum
857 849 916 913 viri
940 849 1109 933 eriperent,
1130 866 1245 931 aspera
1266 866 1354 909 mon-

312 956 390 1020 tium
413 975 540 1020 suorum
562 955 638 1037 iuga
661 956 829 1038 nudasque
856 953 956 1018 calles
980 959 1012 1017 et
1034 959 1188 1037 perpetuo
1211 951 1353 1035 rigentes

313 1061 388 1144 gelu
412 1059 531 1126 ditibus
554 1060 722 1126 Persarum
745 1059 864 1145 campis
887 1059 1038 1141 agrisque
1061 1063 1226 1121 mutarent.

772 1251 837 1341 900,
856 1250 903 1302 XI.·

280 1388 292 1436 1
417 1372 484 1436 Iam
513 1371 556 1437 ad
584 1371 642 1436 teli
675 1371 791 1436 iactum
824 1377 1045 1454 peruenerant,
1079 1389 1151 1433 cum
1181 1369 1349 1434 Persarum
1362 1362 1406 1432 26

314 1477 437 1558 equites
460 1476 608 1542 ferociter
629 1475 663 1539 in
686 1476 811 1541 laevum
842 1492 939 1539 cornu
961 1473 1101 1538 hostium
1123 1473 1239 1538 invecti
1262 1479 1351 1538 sunt:

314 1580 432 1665 quippe
455 1581 581 1644 Dareus
605 1579 744 1661 equestri
768 1578 888 1664 proelio
912 1578 1082 1643 decernere
1105 1578 1246 1662 optabat,
1276 1576 1351 1660 pha-

313 1685 440 1768 langem
477 1684 674 1749 Macedonici
712 1683 869 1749 exercitus
913 1684 1010 1748 robur
1050 1701 1120 1747 esse
1158 1681 1349 1748 coniectans.

313 1789 442 1871 Iamque
477 1789 573 1852 etiam
608 1787 753 1853 dextrum
784 1787 957 1851 Alexandri
992 1807 1089 1852 cornu
1119 1786 1348 1851 circumibatur.

280 1893 407 1970 aQuod
437 1895 492 1959 ubi
522 1893 657 1960 Macedo
688 1894 862 1979 conspexit,
898 1893 1022 1958 duabus
1052 1893 1110 1959 alis
1140 1893 1280 1975 equitum
1309 1892 1350 1957 ad

312 1998 422 2081 iugum
444 1998 560 2062 montis
583 1997 677 2063 iussis
700 1997 882 2076 subsistere,
914 2005 1037 2062 ceteros
1060 1997 1092 2060 in
1114 1997 1253 2061 medium
1275 1996 1350 2061 belli

280 2103 484 2168 odiscrimen
507 2110 634 2194 strenue
657 2101 817 2167 transfert.
865 2101 1037 2167 Subductis
1067 2099 1184 2165 deinde
1216 2121 1256 2164 cx
1283 2099 1352 2165 acie

311 2207 474 2273 Thessalis
498 2208 658 2290 equitibus
680 2206 877 2291 praefectum
908 2226 1016 2271 eorum
1039 2207 1163 2270 ooo'ulte
1186 2205 1351 2269 circumire

311 2321 437 2396 tergum
460 2333 586 2378 suorum
616 2311 704 2376 iubet
727 2311 990 2392 Parmenionique
1020 2309 1171 2393 coniungi
1194 2317 1234 2392 et,
1267 2309 1351 2392 quod

278 2429 294 2478 4
312 2418 340 2483 is
354 2418 551 2501 imperasset,
568 2417 704 2501 impigre
720 2416 844 2499 exequi.
871 2416 1002 2497 Iamque
1018 2415 1150 2480 immissi
1165 2414 1197 2478 in
1213 2413 1351 2478 medium

312 2523 489 2602 Persarum,
503 2521 643 2602 undique
667 2519 856 2601 circumfusi,
873 2519 1004 2602 egregie
1028 2542 1057 2583 se
1080 2519 1259 2596 tuebantur,
1294 2516 1352 2582 sed

313 2625 445 2706 conferti
468 2633 500 2689 et
523 2625 613 2706 quasi
637 2623 844 2688 cohaerentes
866 2623 930 2687 tela
953 2623 1078 2687 vibrare
1101 2640 1164 2686 non
1187 2628 1349 2707 poterant:

313 2729 404 2793 simul
435 2736 523 2793 erant
557 2728 681 2808 emissa,
719 2728 762 2808 [in
796 2726 935 2806 eosdem]
969 2726 1189 2792 concurrentia
1211 2725 1352 2810 implica-

314 2834 426 2898 bantur
449 2832 576 2913 levique
599 2839 630 2896 et
653 2851 735 2896 vano
766 2831 830 2894 ictu
858 2850 961 2914 pauca
984 2830 1016 2892 in
1039 2830 1173 2909 hostem,
1205 2829 1296 2913 plura
1318 2828 1351 2892 in

312 2937 440 3002 humum
477 2937 605 3000 innoxia
642 2935 809 3000 cadebant.
874 2934 967 3017 llrgo,
996 2933 1172 2998 comminus
1210 2953 1351 3017 pugnam

278 3041 414 3105 ocoacti
445 3059 621 3120 conserere,
642 3038 766 3122 gladios
800 3038 935 3123 impigre
960 3037 1125 3120 stringunt.
1171 3037 1252 3100 'Pum
1274 3057 1350 3100 vero

312 3145 444 3209 multum
481 3143 643 3226 sanguinis
677 3142 782 3207 fusum
817 3150 882 3207 est:
921 3141 1003 3206 duae
1037 3141 1154 3226 quippe
1189 3140 1274 3206 acics
1307 3139 1350 3204 ita

313 3249 534 3328 cohaerebant,
559 3254 594 3311 ut
616 3247 713 3311 armis
735 3267 823 3312 arma
846 3247 1018 3330 pulsarent,
1051 3264 1218 3310 mucrones
1240 3244 1272 3307 in
1295 3263 1351 3307 ora

313 3351 494 3435 dirigerent.
541 3352 613 3415 Non
636 3350 756 3430 timido,
781 3371 844 3414 non
867 3349 986 3432 ignavo
1009 3368 1134 3413 cessare
1156 3355 1223 3412 tum
1245 3346 1349 3410 licuit:

313 3457 428 3521 collato
450 3455 544 3541 pede,
569 3455 658 3537 quasi
682 3453 798 3536 singuli
820 3453 902 3518 inter
922 3472 956 3518 se
973 3451 1165 3531 dimicarent,
1189 3451 1222 3515 in
1239 3449 1351 3515 eodem

312 3560 448 3644 vestigio
478 3563 613 3639 stabant,
648 3558 750 3623 donec
784 3557 940 3623 vincendo
973 3558 1077 3622 locum
1107 3555 1167 3621 sibi
1197 3555 1348 3620 facerent.

279 3663 406 3750 olTum
430 3663 556 3728 demum
587 3683 664 3746 ergo
695 3663 923 3746 promovebant
953 3661 1097 3744 gradum,
1130 3680 1201 3723 cum
1227 3657 1350 3723 hostem

311 3765 572 3855 prostraverant]
617 3767 660 3832 At
692 3767 765 3844 illos
798 3786 898 3830 novus
933 3765 1114 3849 excipiebat
1147 3761 1349 3828 adversarius

313 3872 473 3956 fatigatos,
505 3891 564 3940 nec
594 3870 759 3950 uulnerati,
791 3878 825 3934 ut
855 3870 933 3934 alias
963 3869 1073 3945 solent,
1105 3867 1175 3931 acie
1204 3871 1350 3950 poterant
