2970 4322
372 193 624 250 fflsvosmauru
642 196 857 250 anuxurvnai
876 179 899 250 x
920 201 943 251 1.
962 201 987 252 2.
1136 199 1198 264 287

156 397 329 464 sedetiam
349 400 469 484 publici
485 402 630 486 periculi
648 396 803 485 vindices,
826 402 1040 470 colluvionem
1055 403 1199 471 ordinum

155 500 383 586 hominumque
402 525 497 587 aegre
516 505 671 586 ferebant,
692 525 755 570 non
774 507 864 590 regio
883 507 1027 591 imperio,
1048 508 1105 574 sed
1121 509 1199 592 legi-

159 606 217 671 bus
240 608 446 690 moribusque
475 609 588 694 patriis
610 610 679 693 regi
705 610 836 675 assueti.
883 609 1079 677 Prohibuere
1102 612 1232 696 igiturv

156 710 269 774 exules
288 708 413 793 finibus,
438 712 544 776 omnia
559 711 666 797 potius
692 713 857 778 toleraturi
877 733 974 796 quam
990 723 1200 798 purgamenta

156 813 318 895 quondam
340 815 429 880 urbis
452 835 538 896 suae,
561 823 638 881 tunc
661 816 757 880 etiam
781 816 879 897 exilii,
901 816 1114 884 admitterent.

119 917 142 988 8
260 917 444 984 Alexander
466 919 646 986 senioribus
669 919 805 984 militum
838 920 871 985 in
893 921 1029 1005 patriam
1051 923 1195 988 remissis
1214 925 1231 990 8'

155 1031 222 1083 xlll
244 1021 332 1086 milia
362 1023 506 1106 peditum
536 1028 569 1088 ct
593 1022 728 1087 nmilia
757 1023 911 1106 equitum,
946 1043 1027 1106 quae
1056 1025 1090 1090 in
1120 1025 1199 1090 Asia

155 1125 317 1206 retineret,
348 1126 425 1209 eligi
447 1126 551 1205 iussit,
574 1126 758 1193 existimans
788 1126 914 1192 modico
938 1127 1079 1194 exercitu
1103 1131 1200 1195 conti·

155 1249 233 1293 nere
263 1249 358 1315 posse
381 1230 502 1310 Asiam,
537 1231 613 1314 quia
635 1231 780 1316 pluribus
802 1231 881 1297 locis
912 1231 1073 1317 praesidia
1095 1232 1200 1319 dispo-

156 1332 273 1397 suisset
296 1353 461 1418 nuperque
484 1334 630 1400 conditas
652 1336 749 1401 urbes
772 1335 894 1402 colonis
917 1335 1081 1421 replesset,
1107 1337 1200 1419 quasi

155 1455 209 1502 res
231 1457 350 1503 novare
372 1461 436 1503 aon
458 1439 670 1524 cupientibus.
710 1440 859 1505 Ceterum
881 1440 1068 1524 priusquam
1092 1459 1198 1530 excer·
1217 1457 1233 1508 9

156 1548 256 1621 neret,
282 1561 362 1624 quos
378 1549 445 1607 erat
464 1550 655 1624 retenturus,
680 1543 789 1624 edixit,
812 1551 848 1608 ut
870 1563 982 1610 omnes
1005 1544 1122 1610 milites
1143 1566 1199 1610 aes

156 1645 298 1710 alienum
319 1646 551 1731 profiterentur.
587 1648 693 1713 Grave
715 1647 879 1733 plerisque
902 1667 978 1714 esse*
1003 1658 1200 1733 compererat

157 1757 198 1830 et,
223 1769 416 1832 quamquam
438 1751 580 1834 ipsorum
602 1752 680 1816 luxu
702 1758 899 1816 contractum
923 1757 1000 1832 crat,
1024 1752 1199 1819 dissolvere

156 1859 264 1919 tamen
297 1855 366 1939 ipse
400 1854 595 1921 decreverat.
642 1855 702 1935 Illi,
728 1856 876 1940 temptari
909 1855 996 1940 ipsos
1029 1857 1099 1936 rati,
1135 1877 1199 1939 quo
1219 1875 1251 1924 ro

157 1957 283 2024 facilius
312 1959 353 2024 ab
383 1959 517 2043 integris
541 1968 746 2045 sumptuosos
776 1959 979 2042 discerneret,
1011 1961 1199 2046 prolatando

132 2062 358 2144 ..aliquantum
382 2070 586 2130 extraxerant
619 2065 781 2149 temporis.
827 2064 869 2130 Et
891 2085 956 2146 rex,
980 2065 1058 2130 satis
1081 2085 1199 2148 gnarus

158 2167 348 2252 professioni
381 2168 466 2232 aeris
500 2167 663 2253 pudorem,
697 2188 761 2234 non
795 2168 1029 2233 contumaciam
1044 2151 1198 2250 obstare,

157 2290 285 2337 mensas
307 2271 383 2336 totis
406 2272 518 2337 castris
538 2273 613 2357 poni
636 2272 728 2338 iussit
752 2279 783 2339 et
801 2283 825 2334 X
847 2271 935 2338 milia
957 2271 1113 2337 talentum
1130 2293 1199 2356 pro-

156 2375 241 2440 ferri.
286 2375 367 2439 Tum
398 2375 524 2440 demum
548 2399 622 2439 cam
644 2374 707 2440 fide
729 2375 817 2440 facta
846 2375 1003 2461 professio
1026 2382 1084 2442 est
1129 2375 1249 2444 Neon

157 2479 296 2564 amplius
315 2499 356 2544 ex
378 2485 467 2544 tanta
488 2479 625 2565 pecunia
647 2499 740 2562 quam
760 2490 781 2544 c
802 2486 834 2545 ct
852 2489 929 2542 XXX
948 2479 1069 2545 talenta
1092 2499 1199 2565 super-

157 2573 265 2648 fuere.
302 2582 393 2648 Adeo
423 2583 478 2647 ille
502 2583 670 2661 exercitus,
689 2588 737 2648 tot
767 2582 1030 2650 divitissimarum
1053 2583 1213 2666 gentium·

159 2687 353 2772 victor,plus
376 2694 482 2752 tamen
497 2686 649 2752 victoriae
672 2706 767 2774 quam
791 2686 933 2772 praedae
956 2686 1137 2771 deportavit
1158 2708 1199 2752 ex

126 2790 247 2869 9Asia.
293 2789 441 2856 (laterum
475 2797 511 2856 nt
540 2791 704 2873 cognitum
734 2798 782 2856 est
814 2791 894 2858 alios
928 2791 1045 2856 remitti
1079 2789 1250 2876 domos,12

158 2895 239 2960 alios
257 2895 396 2977 retineri,
421 2902 611 2980 perpetuam
630 2915 703 2960 eum
722 2895 812 2978 regni
831 2894 942 2960 sedem
964 2895 997 2959 iu
1013 2894 1093 2962 Asia
1110 2894 1198 2961 habi·

158 3005 264 3064 turum
285 2999 357 3079 rati,
386 2998 540 3065 vecordes
564 3005 596 3064 et
618 2998 806 3084 disciplinae
829 2999 973 3064 militaris
995 2999 1197 3065 immemores

158 3101 317 3168 seditiosis
355 3103 489 3168 vocibus
523 3109 628 3168 castra
665 3103 823 3188 complent
849 3123 1022 3186 regemque
1059 3103 1197 3168 ferocius

157 3227 253 3289 quam
286 3207 366 3272 alias
400 3207 503 3272 adorti
541 3226 652 3272 omnes
686 3207 781 3272 simul
814 3207 998 3273 missionem
1034 3208 1198 3292 postulare

157 3319 340 3395 coeperunt,
365 3311 522 3377 deformia
537 3331 593 3376 ora
609 3312 811 3378 cicatricibus
828 3312 1042 3394 canitiemque
1057 3311 1198 3396 capitum

157 3421 362 3482 ostentantes.
398 3415 468 3481 Nec
486 3422 541 3480 aut
560 3416 795 3500 praefectorum
811 3416 1020 3498 castigatione
1037 3422 1092 3480 out
1110 3437 1197 3482 vere·
1218 3434 1249 3484 13

157 3519 275 3584 cundia
292 3521 378 3603 regis
397 3520 541 3586 deterriti
563 3521 759 3586 tumultuoso
778 3519 916 3586 clamore
935 3525 967 3584 et
985 3519 1115 3585 militari
1134 3520 1198 3584 vio·

157 3623 256 3689 lentie
270 3626 430 3690 volentem
445 3625 533 3707 loqui
548 3623 746 3705 inhibebant,
762 3625 869 3710 palam
884 3623 1024 3709 professi
1040 3643 1197 3706 nusquam

157 3727 231 3792 inde
254 3729 315 3794 nisi
345 3730 378 3794 in
400 3729 536 3813 patriam
559 3731 730 3812 vestigium
760 3749 832 3795 esse
854 3735 1006 3796 moturos.
1053 3726 1196 3796 Tandem
1217 3743 1249 3793 14

157 3832 284 3898 silentio
295 3831 390 3915 facto,
402 3830 505 3916 magis
518 3833 593 3916 quia
605 3841 724 3898 motum
737 3853 808 3899 esse
825 3833 996 3900 credebant
1012 3855 1108 3917 quam
1121 3834 1197 3916 quia
