2970 4322
353 207 605 263 HISTORIARUM
622 206 838 262 ALEXANDRI
855 207 935 261 VIIII
953 209 977 264 5.
995 208 1019 260 6.
1147 205 1212 272 265

170 414 266 480 armis
285 413 425 496 virisque
448 419 552 478 totum
574 409 694 494 orbem,
718 411 874 477 classibus
896 411 999 475 maria
1022 417 1211 491 consternat,

169 519 351 586 invisitatas
377 519 492 584 beluas
522 517 670 582 inducat:
701 523 736 581 tu
767 536 825 582 nos
855 515 1035 601 praestabis
1065 515 1211 582 invictos.

171 624 238 690 Sed
268 623 338 705 quis
373 622 505 687 deorum
538 621 600 686 hoc
631 617 840 687 Macedoniae
874 621 1021 685 columen
1053 639 1092 683 ao
1125 617 1249 686 siduss

170 727 355 792 diuturnum
380 725 446 790 fore
477 725 621 810 polliceri
650 732 765 809 potest,
797 743 868 789 cum
898 730 963 788 tarn
992 721 1087 788 avide
1116 722 1215 786 mani-

170 829 262 895 festis
278 827 428 915 periculis
452 829 568 894 offeras
592 847 718 913 corpus,
742 826 859 893 oblitus
882 834 930 892 tot
953 826 1071 892 civium
1093 826 1216 890 animas

169 933 298 999 trahere
327 940 361 998 te
390 934 423 998 in
454 935 588 1003 casum?
642 932 722 1009 Quis
752 933 837 997 enim
867 931 926 996 tibi
960 937 1126 1016 superstes
1161 937 1250 999 aute

170 1044 260 1122 optat
283 1057 354 1104 esse
376 1045 432 1102 aut
455 1037 586 1122 potest?
624 1037 670 1101 Eo
693 1036 905 1121 pervenimus,
919 1031 1096 1120 auspicium
1119 1041 1216 1116 atque

170 1141 338 1226 imperium
368 1140 470 1206 secuti
500 1147 600 1219 tuum,
634 1137 729 1219 unde,
753 1138 815 1204 nisi
845 1146 877 1204 te
907 1138 1035 1218 reduce,
1060 1136 1138 1201 nulli
1172 1135 1215 1201 ad

171 1253 307 1331 penates
330 1265 404 1312 suos
427 1246 488 1310 iter
512 1252 570 1312 est.
612 1244 733 1323 Quodsi
757 1243 863 1309 adhuc
887 1244 927 1308 de
950 1241 1093 1308 Persidis
1116 1261 1214 1325 regno
1234 1261 1267 1311 ro

172 1371 245 1416 curn
268 1351 375 1415 Dareo
399 1349 580 1432 dimicares,
614 1350 674 1414 etsi
697 1368 791 1415 nemo
816 1347 924 1428 vellet,
954 1354 1062 1420 tamen
1091 1367 1131 1410 ne
1161 1345 1215 1410 ad·

171 1453 281 1518 mirari
304 1452 434 1536 quidem
464 1461 572 1538 posset
601 1459 668 1518 tam
691 1457 857 1538 promptae
887 1471 960 1516 esse
987 1456 1020 1516 te
1050 1449 1093 1513 ad
1123 1469 1215 1513 omne
1297 1527 1300 1532 Ι

62 1569 67 1577 ·
172 1557 345 1622 discrimen
367 1557 539 1624 audaciae:
571 1578 646 1622 nam
668 1557 723 1622 ubi
745 1556 837 1641 paria
866 1561 940 1621 sunt
970 1553 1148 1639 periculum
1177 1573 1216 1618 ac

171 1663 359 1746 praemium,
382 1670 414 1728 et
437 1662 586 1729 secundis
609 1663 705 1728 rebus
727 1661 864 1749 amplior
887 1660 1009 1725 fructus
1033 1665 1137 1724 estet
1163 1656 1216 1722 ad·

170 1767 272 1833 versis
287 1767 441 1832 solacium
463 1768 583 1833 maius:
607 1773 663 1832 tuo
686 1785 762 1832 vero
786 1765 891 1850 capite
913 1763 1087 1847 ignobilem
1110 1761 1217 1828 vicum
1237 1782 1267 1831 11

172 1871 245 1952 emi,
278 1871 347 1954 quis
370 1869 453 1938 ferat
479 1892 544 1937 non
573 1879 701 1937 tuorum
732 1869 826 1935 modo
856 1869 1004 1948 militum,
1035 1866 1092 1932 sed
1121 1865 1216 1930 ullius

171 1976 278 2059 gentis
304 1977 460 2042 barbarae
491 1977 580 2058 civis,
611 1976 666 2059 qui
696 1982 784 2040 tuam
814 1973 1070 2058 magnitudinem
1100 1968 1214 2038 novit?

170 2080 287 2146 Horret
302 2079 426 2146 animus
442 2077 670 2163 cogitationem
684 2080 740 2161 rei,
754 2099 849 2162 quam
864 2079 961 2163 paulo
978 2084 1053 2142 ante
1064 2074 1211 2150 vidimus.
1233 2093 1265 2142 12

171 2183 287 2266 Eloqui
312 2183 410 2250 timeo
435 2184 548 2251 invicti
579 2185 720 2270 corporis
743 2183 847 2269 spolia
870 2181 1080 2248 inertissimas
1103 2198 1215 2244 manus

170 2284 270 2352 fuisse
292 2287 477 2370 infecturas,
508 2289 570 2354 nisi
592 2296 625 2354 te
648 2289 860 2372 interceptum
882 2285 1061 2351 misericors
1092 2284 1126 2348 in
1157 2301 1216 2348 nos

173 2390 303 2456 fortuna
332 2398 502 2458 servasset.
549 2392 698 2460 Totidem
729 2391 918 2476 proditores
948 2388 1083 2455 totidem
1115 2387 1217 2452 deser·

170 2501 256 2560 tores
280 2515 398 2578 sumus,
424 2503 501 2578 quot
520 2503 552 2562 te
572 2515 636 2562 non
659 2495 821 2581 potuimus
843 2493 1002 2580 persequi.
1040 2491 1214 2557 Universos
1235 2508 1267 2558 13

171 2598 246 2664 licet
269 2599 387 2665 milites
410 2600 587 2684 ignominia
611 2607 711 2684 notes,
741 2620 834 2664 nemo
866 2597 1027 2664 recusabit
1056 2596 1143 2688 luere
1173 2594 1217 2674 id,

172 2702 319 2785 quodne
345 2703 537 2786 admitteret,
571 2711 734 2790 praestare
757 2725 820 2769 non
842 2702 956 2789 potuit.
1002 2703 1119 2766 Patere
1149 2718 1216 2778 nos,
1238 2714 1270 2764 14

171 2826 300 2889 quaeso,
325 2807 506 2872 ullomodo
530 2829 601 2875 esse
626 2808 707 2874 viles
730 2808 797 2874 tibi.
844 2807 1051 2889 Quocumque
1074 2803 1214 2884 iusseris,

172 2910 298 2976 ibimus.
351 2911 495 2978 Obscura
526 2912 669 2998 pericula
702 2920 735 2978 et
767 2912 926 2996 ignobiles
960 2929 1087 2995 pugnas
1120 2907 1213 2972 nobis

171 3014 389 3100 deposcimus:
420 3025 517 3082 temet
540 3018 646 3104 ipsum
671 3016 715 3082 ad
746 3037 784 3083 ea
813 3037 917 3095 serva,
948 3035 1031 3098 quae
1061 3012 1217 3095 magnitu-

171 3119 279 3184 dinem
301 3127 390 3186 tuam
415 3121 555 3206 capiunt.
603 3121 673 3186 dito
696 3121 799 3204 gloria
829 3119 1001 3185 obsolescit
1022 3118 1055 3182 in
1078 3111 1215 3181 sordidis
1310 3129 1311 3132 ’

170 3221 327 3303 hostibus,
362 3244 422 3289 nec
452 3225 622 3307 quicquam
655 3225 819 3308 indignius
853 3229 902 3289 est
940 3243 1035 3306 quam
1070 3215 1216 3286 consumi

172 3346 255 3408 eam,
285 3327 340 3393 ubi
362 3348 427 3394 non
450 3329 551 3414 possit
574 3328 718 3394 ostendi?

275 3431 400 3496 Eadem
417 3433 483 3498 fere
498 3434 704 3498 Ptolomaeus
717 3440 748 3498 et
764 3432 880 3497 similia
892 3431 943 3496 his
961 3431 1069 3496 ceteri.
1086 3431 1218 3510 Iamque
1240 3453 1271 3502 15

172 3534 311 3600 confusis
330 3535 462 3602 vocibus
475 3536 590 3602 flentes
606 3558 679 3602 eum
692 3536 836 3618 orabant,
853 3542 887 3600 ut
907 3535 1035 3600 tandem
1057 3531 1218 3600 eratiatus

170 3637 261 3703 laudi
269 3639 399 3705 modum
412 3641 532 3706 faceret
545 3662 582 3706 ac
591 3641 687 3706 saluti
700 3661 786 3721 suae,
796 3640 831 3705 id
839 3647 887 3706 est
894 3640 1053 3725 publicae,
1064 3643 1217 3724 parceret.

116 3743 162 3815 25
176 3741 276 3808 Grata
287 3751 355 3809 erat
366 3745 436 3828 regi
444 3745 548 3830 pietas
556 3745 737 3811 amicorum.
753 3747 867 3828 Itaque
876 3744 1018 3827 singulos
1027 3741 1217 3808 familiarius
1238 3762 1270 3813 ro

172 3847 340 3932 amplexus
364 3845 531 3916 considere
553 3849 651 3914 iubet.
697 3849 865 3932 Altiusque
892 3869 1036 3914 sermone
1066 3847 1211 3933 repetito,
1236 3866 1268 3916 17
