3040 4318
306 207 348 272 84
691 207 722 273 Q.
743 206 850 260 CURTI
869 206 955 262 RUFI

304 433 485 496 agmenque
523 411 673 492 const'tit,
708 411 875 476 frendente
911 410 1106 493 Alexandro,
1155 411 1234 496 cripi
1280 410 1343 475 sibi

305 517 470 583 victoriam
493 536 511 581 e
536 515 693 596 manibus,
724 523 757 580 et
779 516 920 580 Dareum
950 515 1077 580 felicius
1107 514 1222 598 fugere
1248 535 1343 598 quam

271 635 342 686 4sc
375 620 475 702 sequi.
520 619 652 684 Interim
685 617 728 683 ad
761 619 927 684 Mazaeum
964 619 1106 703 superati
1139 619 1224 703 regis
1259 619 1345 683 fama

306 731 505 809 pervenerat.
551 724 671 806 Itaque,
712 743 903 806 quamquam
939 723 1075 789 validior
1113 731 1188 805 crat,
1227 730 1344 804 tamen,

307 830 432 895 fortuna
465 828 602 912 partium
625 827 762 907 territus,
793 825 949 910 perculsis
979 827 1165 910 languidius
1194 827 1342 892 instabat.

306 933 474 998 Parmenio
498 932 666 1015 ignorabat
689 930 817 1012 quidem
847 950 977 996 causam
1000 951 1059 996 sua
1081 938 1195 1016 sponte
1217 950 1345 1015 pugnae

307 1037 469 1117 remissae,
516 1035 574 1101 sed
611 1034 777 1100 occasione
814 1033 965 1098 vincendi
1003 1042 1130 1099 strenue
1171 1040 1220 1100 est
1257 1053 1344 1099 usuc.

272 1156 288 1206 5
307 1141 479 1205 Thessalos
503 1138 626 1222 equites
648 1137 691 1202 ad
714 1157 747 1202 sc
770 1137 878 1202 vocari
900 1137 998 1202 iubet.
1041 1137 1179 1221 ‘Ecquid
1202 1137 1343 1218 videtis’,

307 1244 417 1326 inquit,
427 1243 526 1325 istos,
551 1242 606 1325 qui
622 1241 770 1306 ferociter
785 1242 879 1306 modo
895 1241 1065 1324 instabant,
1085 1242 1201 1326 pedem
1216 1242 1344 1323 referre,

308 1347 413 1413 subito
436 1367 554 1430 pavore
577 1345 784 1430 perterritos?
819 1345 975 1410 Nimirum
998 1347 1090 1412 nobis
1112 1367 1237 1430 quoque
1260 1348 1345 1432 regis

307 1451 406 1516 nostri
430 1449 557 1514 fortuna
579 1448 664 1514 vicit.
704 1447 818 1514 Omnia
840 1449 1008 1514 Persarum
1032 1449 1131 1514 caede
1148 1455 1247 1515 strata
1262 1459 1344 1516 sunt.

311 1552 396 1632 Quid
418 1552 576 1618 cessatis?
613 1573 654 1616 an
677 1573 718 1616 ne
741 1550 938 1634 fugientibus
961 1552 1089 1636 quidem
1112 1573 1204 1638 pares
1228 1553 1345 1620 estis?'

274 1658 393 1726 oVera
416 1657 521 1722 dicere
547 1655 723 1736 videbatur,
759 1662 792 1720 ct
814 1675 888 1740 spes
911 1656 1095 1738 lauguentis
1126 1675 1251 1739 quoquc
1282 1677 1348 1722 ere-

308 1768 407 1827 xerat.
454 1758 598 1825 Subditis
622 1759 799 1824 calcaribus
828 1778 979 1842 promere
1009 1759 1041 1823 in
1068 1760 1210 1825 hostem:
1242 1768 1273 1826 et
1300 1761 1346 1826 illi

308 1867 372 1930 iam
394 1885 457 1928 non
481 1863 611 1944 sensim,
637 1863 695 1927 sed
718 1863 814 1927 citato
838 1863 940 1946 gradu
963 1863 1164 1946 recedebant,
1188 1886 1248 1930 nec
1263 1866 1346 1949 quic-

310 1990 404 2051 quam
427 1967 533 2050 fugae,
557 1963 619 2032 nisi
642 1965 727 2049 quod
749 1967 890 2033 nondum
912 1975 1004 2051 terga
1025 1975 1194 2050 verterant,
1226 1967 1344 2034 deerat

275 2088 290 2138 7
310 2059 478 2137 Parmenio
501 2077 617 2151 tamen,
637 2070 776 2154 ignarus,
794 2090 950 2154 quaenam
973 2072 1006 2135 in
1029 2071 1142 2137 dextro
1166 2092 1265 2138 cornu
1288 2072 1348 2138 for-

309 2184 387 2241 tuna
416 2177 503 2259 regis
533 2183 627 2255 esset,
657 2175 811 2259 repressit
841 2195 932 2240 suos:
968 2177 1115 2241 Mazaeus
1146 2175 1220 2241 dato
1250 2177 1346 2260 fugae

311 2281 412 2366 spatio
435 2302 499 2346 non
527 2287 614 2345 recto
645 2280 767 2362 itincre,
800 2281 859 2346 sed
888 2281 1007 2347 maiore
1038 2289 1070 2346 et
1100 2282 1140 2346 ob
1170 2281 1204 2346 id
1230 2281 1347 2348 tutiore

311 2386 443 2450 circuitu
476 2386 587 2469 Tigrin
621 2392 751 2470 superat
785 2394 817 2450 et
852 2385 1062 2470 Babyloniam
1096 2406 1168 2451 cum
1205 2387 1348 2470 reliquiis

311 2488 429 2555 devicti
452 2489 610 2554 exercitus
633 2489 739 2554 intrat.

276 2608 292 2659 8
414 2594 538 2658 Dareus
562 2592 671 2676 paucis
694 2593 792 2676 fugae
816 2593 986 2659 comitibus
1012 2593 1056 2658 ad
1078 2595 1199 2679 Lycum
1222 2616 1347 2660 amnem
1360 2601 1399 2670 61

311 2699 532 2764 contenderat:
568 2719 630 2780 quo
663 2698 795 2763 traiecto
830 2697 995 2780 dubitavit,
1030 2721 1070 2764 an
1105 2701 1244 2766 solveret
1273 2723 1349 2788 pon·

310 2810 385 2883 tem,
416 2803 534 2887 quippe
569 2802 697 2868 hostem
733 2802 797 2866 iam
826 2803 925 2869 affore
954 2805 1166 2870 nuntiabatur.
1214 2805 1279 2872 Sed
1301 2814 1349 2872 tot

190 2937 193 2945 ·
311 2907 398 2972 milia
432 2925 568 2987 suorum,
607 2926 688 2989 quae
721 2906 861 2972 nondum
894 2907 936 2972 ad
968 2929 1094 2974 amnem
1127 2917 1347 2996 pervenerant,

277 3020 408 3099 sponte
431 3011 568 3077 rescisso
590 3011 720 3076 videbat
743 3011 845 3076 hostis
868 3011 1020 3097 praedam
1042 3014 1120 3080 fore.
1157 3014 1347 3098 Abeuntem,

312 3140 383 3184 cum
406 3118 559 3182 intactum
583 3117 701 3182 sineret
723 3123 861 3201 pontem,
887 3116 1007 3182 dixisse
1030 3126 1163 3199 constat,
1195 3119 1290 3184 malle
1313 3141 1348 3185 se

313 3223 517 3305 sequentibus
540 3223 599 3287 iter
630 3222 705 3286 dare
737 3242 831 3304 quarn
860 3222 986 3286 auferre
1012 3223 1217 3306 fugientibus.
1264 3224 1347 3308 Ipse,

312 3328 426 3410 ingens
449 3327 586 3411 spatium
609 3325 686 3409 iuga
709 3346 866 3408 emensus,
890 3327 996 3392 media
1021 3325 1089 3392 fere
1112 3335 1206 3393 nocte
1229 3328 1350 3394 Arbela

312 3433 467 3518 pervenit.

263 3552 294 3602 10
417 3537 495 3613 Quis
529 3542 576 3601 tot
609 3536 746 3601 ludibria
778 3537 925 3602 fortunae
955 3574 998 3584 -
1028 3537 1152 3619 ducum,
1186 3538 1349 3621 agminum

313 3641 444 3706 caedem
467 3643 683 3725 multiplicem,
709 3642 905 3707 devictorum
920 3642 1040 3725 fugam,
1065 3643 1173 3707 clades
1188 3663 1272 3707 nunc
1288 3643 1349 3707 sin·

313 3748 468 3828 gulorum,
492 3766 575 3810 nuno
598 3746 816 3810 universorum
840 3785 881 3792 —
903 3753 958 3810 aut
980 3747 1086 3810 animo
1105 3747 1233 3830 assequi
1255 3755 1350 3830 queat

313 3857 369 3914 aut
403 3850 545 3914 oratione
576 3849 767 3933 complecti?
812 3849 1046 3934 Propemodum
1076 3850 1196 3915 saeculi
1230 3870 1281 3915 res
1315 3850 1347 3914 in
