<?xml version="1.0" encoding="UTF-8"?>
<!DOCTYPE html PUBLIC "-//W3C//DTD XHTML 1.0 Transitional//EN"
    "http://www.w3.org/TR/xhtml1/DTD/xhtml1-transitional.dtd">
<html xmlns="http://www.w3.org/1999/xhtml" xml:lang="en" lang="en">
 <head>
  <title>
</title>
<meta http-equiv="Content-Type" content="text/html;charset=utf-8" />
  <meta name='ocr-system' content='tesseract 3.04.00' />
  <meta name='ocr-capabilities' content='ocr_page ocr_carea ocr_par ocr_line ocrx_word'/>
</head>
<body>
  <div class='ocr_page' id='page_1' title='image "./qcurtirufihisto00stangoog_0153.png"; bbox 0 0 3040 4318; ppageno 0'>
   <div class='ocr_carea' id='block_1_1' title="bbox 257 186 913 256">
    <p class='ocr_par' dir='ltr' id='par_1_1' title="bbox 257 186 913 256">
     <span class='ocr_line' id='line_1_1' title="bbox 257 186 913 256; baseline -0.015 -4"><span class='ocrx_word' id='word_1_1' title='bbox 257 186 321 254; x_wconf 76' lang='grc'><strong>120</strong></span> <span class='ocrx_word' id='word_1_2' title='bbox 646 190 677 256; x_wconf 82' lang='lat' dir='ltr'><strong>o.</strong></span> <span class='ocrx_word' id='word_1_3' title='bbox 698 189 807 244; x_wconf 84' lang='lat' dir='ltr'><strong>eunrr</strong></span> <span class='ocrx_word' id='word_1_4' title='bbox 825 189 913 246; x_wconf 83' lang='lat' dir='ltr'><strong>num</strong></span> 
     </span>
    </p>
   </div>
   <div class='ocr_carea' id='block_1_2' title="bbox 210 393 1364 3296">
    <p class='ocr_par' dir='ltr' id='par_1_2' title="bbox 210 393 1364 3296">
     <span class='ocr_line' id='line_1_2' title="bbox 262 393 1299 482; baseline -0.003 -21"><span class='ocrx_word' id='word_1_5' title='bbox 262 397 376 479; x_wconf 89' lang='lat' dir='ltr'><strong>Itaque</strong></span> <span class='ocrx_word' id='word_1_6' title='bbox 412 395 515 482; x_wconf 88' lang='lat' dir='ltr'><strong>prima</strong></span> <span class='ocrx_word' id='word_1_7' title='bbox 551 414 686 481; x_wconf 87' lang='lat' dir='ltr'><strong>vespera</strong></span> <span class='ocrx_word' id='word_1_8' title='bbox 723 395 859 462; x_wconf 91' lang='lat' dir='ltr'><strong>ducibus</strong></span> <span class='ocrx_word' id='word_1_9' title='bbox 899 395 1002 463; x_wconf 90' lang='lat' dir='ltr'><strong>isdem</strong></span> <span class='ocrx_word' id='word_1_10' title='bbox 1039 416 1112 462; x_wconf 88' lang='lat' dir='ltr'><strong>oum</strong></span> <span class='ocrx_word' id='word_1_11' title='bbox 1149 393 1299 480; x_wconf 87' lang='lat' dir='ltr'><strong>expedita</strong></span> 
     </span>
     <span class='ocr_line' id='line_1_3' title="bbox 261 499 1298 586; baseline -0.003 -20"><span class='ocrx_word' id='word_1_12' title='bbox 261 501 402 584; x_wconf 90' lang='lat' dir='ltr'><strong>equitum</strong></span> <span class='ocrx_word' id='word_1_13' title='bbox 425 521 522 567; x_wconf 88' lang='lat' dir='ltr'><strong>manu</strong></span> <span class='ocrx_word' id='word_1_14' title='bbox 555 507 762 566; x_wconf 82' lang='lat' dir='ltr'><strong>monstratam</strong></span> <span class='ocrx_word' id='word_1_15' title='bbox 792 501 877 566; x_wconf 84' lang='lat' dir='ltr'><strong>viam</strong></span> <span class='ocrx_word' id='word_1_16' title='bbox 907 499 1095 585; x_wconf 80' lang='lat' dir='ltr'>ingreditur,</span> <span class='ocrx_word' id='word_1_17' title='bbox 1125 499 1298 586; x_wconf 83' lang='lat' dir='ltr'>phalange,</span> 
     </span>
     <span class='ocr_line' id='line_1_4' title="bbox 262 603 1299 690; baseline -0.002 -21"><span class='ocrx_word' id='word_1_18' title='bbox 262 612 414 688; x_wconf 91' lang='lat' dir='ltr'><strong>quantum</strong></span> <span class='ocrx_word' id='word_1_19' title='bbox 445 603 598 670; x_wconf 84' lang='lat' dir='ltr'><strong>festinare</strong></span> <span class='ocrx_word' id='word_1_20' title='bbox 616 612 733 689; x_wconf 90' lang='lat' dir='ltr'><strong>posset,</strong></span> <span class='ocrx_word' id='word_1_21' title='bbox 766 605 857 688; x_wconf 89' lang='lat' dir='ltr'><strong>sequi</strong></span> <span class='ocrx_word' id='word_1_22' title='bbox 886 605 985 672; x_wconf 89' lang='lat' dir='ltr'><strong>iussa.</strong></span> <span class='ocrx_word' id='word_1_23' title='bbox 1030 605 1114 690; x_wconf 90' lang='lat' dir='ltr'><strong>Ipse,</strong></span> <span class='ocrx_word' id='word_1_24' title='bbox 1145 603 1299 687; x_wconf 90' lang='lat' dir='ltr'><strong>quadrato</strong></span> 
     </span>
     <span class='ocr_line' id='line_1_5' title="bbox 262 707 1301 794; baseline -0.003 -20"><span class='ocrx_word' id='word_1_25' title='bbox 262 709 391 792; x_wconf 83' lang='lat' dir='ltr'>agmine</span> <span class='ocrx_word' id='word_1_26' title='bbox 413 708 576 790; x_wconf 88' lang='lat' dir='ltr'><strong>incedens,</strong></span> <span class='ocrx_word' id='word_1_27' title='bbox 589 709 634 773; x_wconf 89' lang='lat' dir='ltr'><strong>ita</strong></span> <span class='ocrx_word' id='word_1_28' title='bbox 657 728 783 774; x_wconf 92' lang='lat' dir='ltr'><strong>cursum</strong></span> <span class='ocrx_word' id='word_1_29' title='bbox 806 709 949 793; x_wconf 85' lang='lat' dir='ltr'><strong>regebat,</strong></span> <span class='ocrx_word' id='word_1_30' title='bbox 976 717 1011 775; x_wconf 92' lang='lat' dir='ltr'><strong>ut</strong></span> <span class='ocrx_word' id='word_1_31' title='bbox 1033 708 1127 794; x_wconf 92' lang='lat' dir='ltr'><strong>primi</strong></span> <span class='ocrx_word' id='word_1_32' title='bbox 1150 707 1301 790; x_wconf 82' lang='lat' dir='ltr'><strong>coniungi</strong></span> 
     </span>
     <span class='ocr_line' id='line_1_6' title="bbox 210 812 1300 899; baseline 0.002 -26"><span class='ocrx_word' id='word_1_33' title='bbox 210 823 240 874; x_wconf 93' lang='lat'><strong>11</strong></span> <span class='ocrx_word' id='word_1_34' title='bbox 260 813 380 878; x_wconf 83' lang='lat' dir='ltr'>ultimis</span> <span class='ocrx_word' id='word_1_35' title='bbox 402 820 542 897; x_wconf 82' lang='lat' dir='ltr'><strong>possent.</strong></span> <span class='ocrx_word' id='word_1_36' title='bbox 587 823 652 878; x_wconf 75' lang='lat' dir='ltr'><strong>(loc</strong></span> <span class='ocrx_word' id='word_1_37' title='bbox 676 813 780 879; x_wconf 88' lang='lat' dir='ltr'><strong>stadia</strong></span> <span class='ocrx_word' id='word_1_38' title='bbox 805 820 1037 899; x_wconf 81' lang='lat' dir='ltr'><strong>processerant,</strong></span> <span class='ocrx_word' id='word_1_39' title='bbox 1067 832 1140 878; x_wconf 92' lang='lat' dir='ltr'><strong>cum</strong></span> <span class='ocrx_word' id='word_1_40' title='bbox 1162 812 1300 878; x_wconf 89' lang='lat' dir='ltr'><strong>occurrit</strong></span> 
     </span>
     <span class='ocr_line' id='line_1_7' title="bbox 264 913 1300 1012; baseline 0 -31"><span class='ocrx_word' id='word_1_41' title='bbox 264 913 496 996; x_wconf 88' lang='lat' dir='ltr'><strong>Brochubelus,</strong></span> <span class='ocrx_word' id='word_1_42' title='bbox 534 916 657 983; x_wconf 86' lang='lat' dir='ltr'><strong>Mazaei</strong></span> <span class='ocrx_word' id='word_1_43' title='bbox 690 917 785 998; x_wconf 86' lang='lat' dir='ltr'><strong>filius,</strong></span> <span class='ocrx_word' id='word_1_44' title='bbox 824 918 937 1012; x_wconf 83' lang='lat' dir='ltr'><strong>Syriae</strong></span> <span class='ocrx_word' id='word_1_45' title='bbox 971 918 1129 1002; x_wconf 89' lang='lat' dir='ltr'><strong>quondam</strong></span> <span class='ocrx_word' id='word_1_46' title='bbox 1163 923 1300 1002; x_wconf 92' lang='lat' dir='ltr'><strong>praetor.</strong></span> 
     </span>
     <span class='ocr_line' id='line_1_8' title="bbox 262 1019 1301 1106; baseline 0 -21"><span class='ocrx_word' id='word_1_47' title='bbox 262 1021 294 1086; x_wconf 92' lang='lat' dir='ltr'><strong>Is</strong></span> <span class='ocrx_word' id='word_1_48' title='bbox 325 1040 450 1104; x_wconf 88' lang='lat' dir='ltr'><strong>quoquc</strong></span> <span class='ocrx_word' id='word_1_49' title='bbox 479 1019 648 1105; x_wconf 80' lang='lat' dir='ltr'><strong>transfuga</strong></span> <span class='ocrx_word' id='word_1_50' title='bbox 672 1023 846 1104; x_wconf 77' lang='lat' dir='ltr'>nuntiabat,</span> <span class='ocrx_word' id='word_1_51' title='bbox 879 1023 1016 1088; x_wconf 83' lang='lat' dir='ltr'>Bessum</span> <span class='ocrx_word' id='word_1_52' title='bbox 1045 1019 1135 1086; x_wconf 92' lang='lat' dir='ltr'><strong>baud</strong></span> <span class='ocrx_word' id='word_1_53' title='bbox 1164 1021 1301 1106; x_wconf 87' lang='lat' dir='ltr'><strong>amplius</strong></span> 
     </span>
     <span class='ocr_line' id='line_1_9' title="bbox 265 1123 1303 1212; baseline -0.003 -22"><span class='ocrx_word' id='word_1_54' title='bbox 265 1145 361 1208; x_wconf 90' lang='lat' dir='ltr'><strong>quarn</strong></span> <span class='ocrx_word' id='word_1_55' title='bbox 391 1135 434 1190; x_wconf 79' lang='lat'><strong>00</strong></span> <span class='ocrx_word' id='word_1_56' title='bbox 462 1125 566 1191; x_wconf 91' lang='lat' dir='ltr'><strong>stadia</strong></span> <span class='ocrx_word' id='word_1_57' title='bbox 595 1126 719 1192; x_wconf 91' lang='lat' dir='ltr'><strong>abesse.</strong></span> <span class='ocrx_word' id='word_1_58' title='bbox 765 1127 958 1209; x_wconf 78' lang='lat' dir='ltr'><strong>Exercitum,</strong></span> <span class='ocrx_word' id='word_1_59' title='bbox 990 1134 1101 1212; x_wconf 83' lang='lat' dir='ltr'><strong>utpote</strong></span> <span class='ocrx_word' id='word_1_60' title='bbox 1131 1127 1189 1212; x_wconf 79' lang='lat' dir='ltr'><strong>qai</strong></span> <span class='ocrx_word' id='word_1_61' title='bbox 1217 1123 1303 1190; x_wconf 78' lang='lat' dir='ltr'><strong>nibil</strong></span> 
     </span>
     <span class='ocr_line' id='line_1_10' title="bbox 267 1229 1300 1316; baseline 0.001 -23"><span class='ocrx_word' id='word_1_62' title='bbox 267 1237 483 1314; x_wconf 79' lang='lat' dir='ltr'><strong>praecaveret,</strong></span> <span class='ocrx_word' id='word_1_63' title='bbox 518 1229 762 1316; x_wconf 91' lang='lat' dir='ltr'><strong>incompositum</strong></span> <span class='ocrx_word' id='word_1_64' title='bbox 802 1231 1080 1315; x_wconf 90' lang='lat' dir='ltr'><strong>inordinatumque</strong></span> <span class='ocrx_word' id='word_1_65' title='bbox 1117 1229 1300 1316; x_wconf 86' lang='lat' dir='ltr'><strong>procedere.</strong></span> 
     </span>
     <span class='ocr_line' id='line_1_11' title="bbox 263 1325 1300 1420; baseline 0.002 -22"><span class='ocrx_word' id='word_1_66' title='bbox 263 1333 459 1418; x_wconf 88' lang='lat' dir='ltr'><strong>Hyrcaniam</strong></span> <span class='ocrx_word' id='word_1_67' title='bbox 482 1334 584 1400; x_wconf 82' lang='lat' dir='ltr'><strong>videri</strong></span> <span class='ocrx_word' id='word_1_68' title='bbox 606 1335 769 1420; x_wconf 91' lang='lat' dir='ltr'><strong>petituros.</strong></span> <span class='ocrx_word' id='word_1_69' title='bbox 808 1336 843 1401; x_wconf 82' lang='lat' dir='ltr'><strong>si</strong></span> <span class='ocrx_word' id='word_1_70' title='bbox 858 1335 1024 1402; x_wconf 88' lang='lat' dir='ltr'><strong>festinaret</strong></span> <span class='ocrx_word' id='word_1_71' title='bbox 1039 1335 1130 1418; x_wconf 88' lang='lat' dir='ltr'><strong>sequi</strong></span> <span class='ocrx_word' id='word_1_72' title='bbox 1145 1325 1300 1420; x_wconf 88' lang='lat' dir='ltr'><strong>palantes,</strong></span> 
     </span>
     <span class='ocr_line' id='line_1_12' title="bbox 215 1439 1304 1524; baseline -0.001 -21"><span class='ocrx_word' id='word_1_73' title='bbox 215 1454 246 1503; x_wconf 79' lang='lat'><strong>12</strong></span> <span class='ocrx_word' id='word_1_74' title='bbox 265 1446 539 1524; x_wconf 87' lang='lat' dir='ltr'><strong>superventurum.</strong></span> <span class='ocrx_word' id='word_1_75' title='bbox 587 1439 729 1505; x_wconf 89' lang='lat' dir='ltr'><strong>Dareum</strong></span> <span class='ocrx_word' id='word_1_76' title='bbox 751 1440 858 1506; x_wconf 89' lang='lat' dir='ltr'><strong>adhuc</strong></span> <span class='ocrx_word' id='word_1_77' title='bbox 881 1441 998 1506; x_wconf 85' lang='lat' dir='ltr'><strong>vivere.</strong></span> <span class='ocrx_word' id='word_1_78' title='bbox 1011 1477 1051 1487; x_wconf 88' lang='lat'>-</span> <span class='ocrx_word' id='word_1_79' title='bbox 1071 1439 1206 1504; x_wconf 84' lang='lat' dir='ltr'><strong>Strenuo</strong></span> <span class='ocrx_word' id='word_1_80' title='bbox 1229 1439 1304 1503; x_wconf 90' lang='lat' dir='ltr'><strong>alio-</strong></span> 
     </span>
     <span class='ocr_line' id='line_1_13' title="bbox 267 1543 1304 1628; baseline 0.001 -22"><span class='ocrx_word' id='word_1_81' title='bbox 267 1543 321 1625; x_wconf 92' lang='lat' dir='ltr'><strong>qui</strong></span> <span class='ocrx_word' id='word_1_82' title='bbox 344 1543 550 1626; x_wconf 86' lang='lat' dir='ltr'><strong>cupiditatem</strong></span> <span class='ocrx_word' id='word_1_83' title='bbox 574 1544 791 1626; x_wconf 89' lang='lat' dir='ltr'><strong>consequendi</strong></span> <span class='ocrx_word' id='word_1_84' title='bbox 805 1543 975 1628; x_wconf 87' lang='lat' dir='ltr'><strong>transfuga</strong></span> <span class='ocrx_word' id='word_1_85' title='bbox 990 1544 1152 1610; x_wconf 91' lang='lat' dir='ltr'><strong>iniecerat.</strong></span> <span class='ocrx_word' id='word_1_86' title='bbox 1191 1544 1304 1625; x_wconf 90' lang='lat' dir='ltr'><strong>Itaque</strong></span> 
     </span>
     <span class='ocr_line' id='line_1_14' title="bbox 267 1637 1303 1731; baseline 0 -19"><span class='ocrx_word' id='word_1_87' title='bbox 267 1637 445 1712; x_wconf 82' lang='lat' dir='ltr'><strong>calcaribus</strong></span> <span class='ocrx_word' id='word_1_88' title='bbox 469 1647 604 1713; x_wconf 89' lang='lat' dir='ltr'><strong>subditis</strong></span> <span class='ocrx_word' id='word_1_89' title='bbox 628 1647 730 1714; x_wconf 85' lang='lat' dir='ltr'><strong>effuso</strong></span> <span class='ocrx_word' id='word_1_90' title='bbox 754 1668 851 1714; x_wconf 92' lang='lat' dir='ltr'><strong>cursu</strong></span> <span class='ocrx_word' id='word_1_91' title='bbox 874 1656 959 1714; x_wconf 91' lang='lat' dir='ltr'><strong>eunt.</strong></span> <span class='ocrx_word' id='word_1_92' title='bbox 1005 1647 1137 1731; x_wconf 92' lang='lat' dir='ltr'><strong>Iamque</strong></span> <span class='ocrx_word' id='word_1_93' title='bbox 1160 1647 1303 1712; x_wconf 87' lang='lat' dir='ltr'><strong>fremitus</strong></span> 
     </span>
     <span class='ocr_line' id='line_1_15' title="bbox 266 1749 1305 1837; baseline -0.002 -21"><span class='ocrx_word' id='word_1_94' title='bbox 266 1751 406 1817; x_wconf 90' lang='lat' dir='ltr'><strong>hostium</strong></span> <span class='ocrx_word' id='word_1_95' title='bbox 421 1751 481 1817; x_wconf 91' lang='lat' dir='ltr'><strong>iter</strong></span> <span class='ocrx_word' id='word_1_96' title='bbox 495 1751 742 1835; x_wconf 85' lang='lat' dir='ltr'><strong>ingredientium</strong></span> <span class='ocrx_word' id='word_1_97' title='bbox 764 1753 1003 1836; x_wconf 83' lang='lat' dir='ltr'><strong>exaudiebatur,</strong></span> <span class='ocrx_word' id='word_1_98' title='bbox 1029 1753 1087 1818; x_wconf 90' lang='lat' dir='ltr'><strong>sed</strong></span> <span class='ocrx_word' id='word_1_99' title='bbox 1102 1749 1305 1837; x_wconf 89' lang='lat' dir='ltr'><strong>prospectum</strong></span> 
     </span>
     <span class='ocr_line' id='line_1_16' title="bbox 260 1855 1305 1943; baseline -0.001 -23"><span class='ocrx_word' id='word_1_100' title='bbox 260 1855 431 1920; x_wconf 88' lang='lat' dir='ltr'><strong>ademerat</strong></span> <span class='ocrx_word' id='word_1_101' title='bbox 453 1856 597 1940; x_wconf 87' lang='lat' dir='ltr'><strong>pulveris</strong></span> <span class='ocrx_word' id='word_1_102' title='bbox 619 1857 732 1922; x_wconf 92' lang='lat' dir='ltr'><strong>nubes.</strong></span> <span class='ocrx_word' id='word_1_103' title='bbox 778 1857 948 1943; x_wconf 87' lang='lat' dir='ltr'><strong>Paulisper</strong></span> <span class='ocrx_word' id='word_1_104' title='bbox 970 1878 1047 1942; x_wconf 82' lang='lat' dir='ltr'><strong>ergo</strong></span> <span class='ocrx_word' id='word_1_105' title='bbox 1073 1856 1210 1922; x_wconf 90' lang='lat' dir='ltr'><strong>inhibuit</strong></span> <span class='ocrx_word' id='word_1_106' title='bbox 1240 1875 1305 1920; x_wconf 90' lang='lat' dir='ltr'><strong>cur-</strong></span> 
     </span>
     <span class='ocr_line' id='line_1_17' title="bbox 219 1959 1306 2046; baseline 0.001 -23"><span class='ocrx_word' id='word_1_107' title='bbox 219 1973 250 2024; x_wconf 77' lang='grc'><strong>11</strong></span> <span class='ocrx_word' id='word_1_108' title='bbox 269 1980 349 2040; x_wconf 90' lang='lat' dir='ltr'><strong>sum,</strong></span> <span class='ocrx_word' id='word_1_109' title='bbox 387 1959 489 2026; x_wconf 91' lang='lat' dir='ltr'><strong>donec</strong></span> <span class='ocrx_word' id='word_1_110' title='bbox 526 1961 707 2027; x_wconf 89' lang='lat' dir='ltr'><strong>consideret</strong></span> <span class='ocrx_word' id='word_1_111' title='bbox 744 1961 859 2046; x_wconf 87' lang='lat' dir='ltr'><strong>pulvis.</strong></span> <span class='ocrx_word' id='word_1_112' title='bbox 915 1963 1049 2046; x_wconf 90' lang='lat' dir='ltr'><strong>Iamque</strong></span> <span class='ocrx_word' id='word_1_113' title='bbox 1087 1961 1250 2046; x_wconf 89' lang='lat' dir='ltr'><strong>conspecti</strong></span> <span class='ocrx_word' id='word_1_114' title='bbox 1287 1982 1306 2024; x_wconf 88' lang='lat' dir='ltr'><strong>a</strong></span> 
     </span>
     <span class='ocr_line' id='line_1_18' title="bbox 268 2063 1306 2152; baseline 0 -22"><span class='ocrx_word' id='word_1_115' title='bbox 268 2063 413 2130; x_wconf 88' lang='lat' dir='ltr'><strong>barbaris</strong></span> <span class='ocrx_word' id='word_1_116' title='bbox 437 2072 527 2129; x_wconf 89' lang='lat' dir='ltr'><strong>erant</strong></span> <span class='ocrx_word' id='word_1_117' title='bbox 558 2071 590 2130; x_wconf 92' lang='lat' dir='ltr'><strong>et</strong></span> <span class='ocrx_word' id='word_1_118' title='bbox 619 2063 817 2131; x_wconf 90' lang='lat' dir='ltr'><strong>abeuntium</strong></span> <span class='ocrx_word' id='word_1_119' title='bbox 833 2087 952 2150; x_wconf 85' lang='lat' dir='ltr'><strong>agmen</strong></span> <span class='ocrx_word' id='word_1_120' title='bbox 981 2072 1223 2152; x_wconf 87' lang='lat' dir='ltr'><strong>conspexerant,</strong></span> <span class='ocrx_word' id='word_1_121' title='bbox 1254 2085 1306 2130; x_wconf 92' lang='lat' dir='ltr'><strong>ne·</strong></span> 
     </span>
     <span class='ocr_line' id='line_1_19' title="bbox 270 2168 1307 2254; baseline 0.001 -21"><span class='ocrx_word' id='word_1_122' title='bbox 270 2188 430 2251; x_wconf 88' lang='lat' dir='ltr'><strong>quaquam</strong></span> <span class='ocrx_word' id='word_1_123' title='bbox 460 2168 557 2234; x_wconf 88' lang='lat' dir='ltr'><strong>futuri</strong></span> <span class='ocrx_word' id='word_1_124' title='bbox 587 2188 691 2254; x_wconf 88' lang='lat' dir='ltr'><strong>pares,</strong></span> <span class='ocrx_word' id='word_1_125' title='bbox 722 2170 750 2235; x_wconf 93' lang='lat' dir='ltr'><strong>si</strong></span> <span class='ocrx_word' id='word_1_126' title='bbox 779 2171 880 2235; x_wconf 90' lang='lat' dir='ltr'><strong>Besso</strong></span> <span class='ocrx_word' id='word_1_127' title='bbox 910 2177 1032 2236; x_wconf 89' lang='lat' dir='ltr'><strong>tantum</strong></span> <span class='ocrx_word' id='word_1_128' title='bbox 1063 2169 1161 2236; x_wconf 90' lang='lat' dir='ltr'><strong>animi</strong></span> <span class='ocrx_word' id='word_1_129' title='bbox 1195 2169 1307 2234; x_wconf 88' lang='lat' dir='ltr'><strong>fuisset</strong></span> 
     </span>
     <span class='ocr_line' id='line_1_20' title="bbox 270 2271 1307 2359; baseline 0.001 -22"><span class='ocrx_word' id='word_1_130' title='bbox 270 2271 315 2337; x_wconf 88' lang='lat' dir='ltr'><strong>ad</strong></span> <span class='ocrx_word' id='word_1_131' title='bbox 335 2271 501 2358; x_wconf 86' lang='lat' dir='ltr'><strong>proelium,</strong></span> <span class='ocrx_word' id='word_1_132' title='bbox 531 2280 684 2357; x_wconf 89' lang='lat' dir='ltr'><strong>quantum</strong></span> <span class='ocrx_word' id='word_1_133' title='bbox 706 2273 748 2338; x_wconf 89' lang='lat' dir='ltr'><strong>ad</strong></span> <span class='ocrx_word' id='word_1_134' title='bbox 778 2274 982 2359; x_wconf 89' lang='lat' dir='ltr'><strong>parricidium</strong></span> <span class='ocrx_word' id='word_1_135' title='bbox 1004 2275 1116 2341; x_wconf 83' lang='lat' dir='ltr'><strong>luerat.</strong></span> <span class='ocrx_word' id='word_1_136' title='bbox 1162 2274 1307 2356; x_wconf 88' lang='lat' dir='ltr'><strong>Namque</strong></span> 
     </span>
     <span class='ocr_line' id='line_1_21' title="bbox 271 2376 1308 2462; baseline -0.001 -20"><span class='ocrx_word' id='word_1_137' title='bbox 271 2384 303 2442; x_wconf 90' lang='lat' dir='ltr'><strong>et</strong></span> <span class='ocrx_word' id='word_1_138' title='bbox 326 2396 457 2442; x_wconf 91' lang='lat' dir='ltr'><strong>numero</strong></span> <span class='ocrx_word' id='word_1_139' title='bbox 480 2376 609 2442; x_wconf 89' lang='lat' dir='ltr'><strong>barbari</strong></span> <span class='ocrx_word' id='word_1_140' title='bbox 631 2377 838 2462; x_wconf 87' lang='lat' dir='ltr'><strong>praestabant</strong></span> <span class='ocrx_word' id='word_1_141' title='bbox 861 2385 892 2444; x_wconf 91' lang='lat' dir='ltr'><strong>et</strong></span> <span class='ocrx_word' id='word_1_142' title='bbox 907 2379 1038 2444; x_wconf 88' lang='lat' dir='ltr'><strong>robore:</strong></span> <span class='ocrx_word' id='word_1_143' title='bbox 1063 2377 1105 2444; x_wconf 90' lang='lat' dir='ltr'><strong>ad</strong></span> <span class='ocrx_word' id='word_1_144' title='bbox 1119 2380 1181 2444; x_wconf 90' lang='lat' dir='ltr'><strong>hoc</strong></span> <span class='ocrx_word' id='word_1_145' title='bbox 1195 2377 1308 2443; x_wconf 88' lang='lat' dir='ltr'><strong>refecti</strong></span> 
     </span>
     <span class='ocr_line' id='line_1_22' title="bbox 221 2480 1309 2564; baseline 0 -18"><span class='ocrx_word' id='word_1_146' title='bbox 221 2500 254 2552; x_wconf 88' lang='lat'><strong>14</strong></span> <span class='ocrx_word' id='word_1_147' title='bbox 273 2500 345 2546; x_wconf 92' lang='lat' dir='ltr'><strong>cum</strong></span> <span class='ocrx_word' id='word_1_148' title='bbox 367 2480 511 2564; x_wconf 80' lang='lat' dir='ltr'><strong>fatigatis</strong></span> <span class='ocrx_word' id='word_1_149' title='bbox 533 2488 694 2547; x_wconf 91' lang='lat' dir='ltr'><strong>certamen</strong></span> <span class='ocrx_word' id='word_1_150' title='bbox 716 2482 823 2547; x_wconf 92' lang='lat' dir='ltr'><strong>inituri</strong></span> <span class='ocrx_word' id='word_1_151' title='bbox 843 2489 941 2548; x_wconf 89' lang='lat' dir='ltr'><strong>crant.</strong></span> <span class='ocrx_word' id='word_1_152' title='bbox 990 2482 1055 2548; x_wconf 79' lang='lat' dir='ltr'><strong>Sed</strong></span> <span class='ocrx_word' id='word_1_153' title='bbox 1077 2502 1193 2548; x_wconf 90' lang='lat' dir='ltr'><strong>nomen</strong></span> <span class='ocrx_word' id='word_1_154' title='bbox 1216 2481 1309 2546; x_wconf 82' lang='lat' dir='ltr'><strong>Alex-</strong></span> 
     </span>
     <span class='ocr_line' id='line_1_23' title="bbox 273 2585 1307 2669; baseline -0.001 -18"><span class='ocrx_word' id='word_1_155' title='bbox 273 2585 365 2651; x_wconf 89' lang='lat' dir='ltr'><strong>andri</strong></span> <span class='ocrx_word' id='word_1_156' title='bbox 395 2592 427 2650; x_wconf 91' lang='lat' dir='ltr'><strong>ct</strong></span> <span class='ocrx_word' id='word_1_157' title='bbox 457 2585 554 2668; x_wconf 88' lang='lat' dir='ltr'><strong>fama,</strong></span> <span class='ocrx_word' id='word_1_158' title='bbox 586 2585 760 2651; x_wconf 82' lang='lat' dir='ltr'><strong>maximum</strong></span> <span class='ocrx_word' id='word_1_159' title='bbox 786 2587 819 2651; x_wconf 92' lang='lat' dir='ltr'><strong>in</strong></span> <span class='ocrx_word' id='word_1_160' title='bbox 849 2586 935 2652; x_wconf 92' lang='lat' dir='ltr'><strong>bello</strong></span> <span class='ocrx_word' id='word_1_161' title='bbox 964 2587 1073 2669; x_wconf 91' lang='lat' dir='ltr'><strong>utiquc</strong></span> <span class='ocrx_word' id='word_1_162' title='bbox 1102 2593 1307 2668; x_wconf 86' lang='lat' dir='ltr'><strong>momentum,</strong></span> 
     </span>
     <span class='ocr_line' id='line_1_24' title="bbox 223 2683 1364 2776; baseline -0.003 -16"><span class='ocrx_word' id='word_1_163' title='bbox 223 2709 255 2760; x_wconf 84' lang='lat'><strong>15</strong></span> <span class='ocrx_word' id='word_1_164' title='bbox 273 2690 408 2776; x_wconf 89' lang='lat' dir='ltr'><strong>pavidos</strong></span> <span class='ocrx_word' id='word_1_165' title='bbox 431 2689 464 2754; x_wconf 95' lang='lat' dir='ltr'><strong>in</strong></span> <span class='ocrx_word' id='word_1_166' title='bbox 487 2688 600 2773; x_wconf 87' lang='lat' dir='ltr'><strong>fugam</strong></span> <span class='ocrx_word' id='word_1_167' title='bbox 622 2684 745 2755; x_wconf 86' lang='lat' dir='ltr'><strong>avertit.</strong></span> <span class='ocrx_word' id='word_1_168' title='bbox 792 2692 911 2756; x_wconf 90' lang='lat' dir='ltr'><strong>Bessus</strong></span> <span class='ocrx_word' id='word_1_169' title='bbox 940 2711 1016 2756; x_wconf 91' lang='lat' dir='ltr'><strong>vero</strong></span> <span class='ocrx_word' id='word_1_170' title='bbox 1048 2698 1080 2756; x_wconf 91' lang='lat' dir='ltr'><strong>et</strong></span> <span class='ocrx_word' id='word_1_171' title='bbox 1110 2689 1207 2757; x_wconf 89' lang='lat' dir='ltr'><strong>ceteri</strong></span> <span class='ocrx_word' id='word_1_172' title='bbox 1233 2683 1364 2757; x_wconf 72' lang='lat' dir='ltr'><strong>faoi-37</strong></span> 
     </span>
     <span class='ocr_line' id='line_1_25' title="bbox 274 2787 1314 2880; baseline -0.001 -21"><span class='ocrx_word' id='word_1_173' title='bbox 274 2794 360 2859; x_wconf 93' lang='lat' dir='ltr'><strong>noris</strong></span> <span class='ocrx_word' id='word_1_174' title='bbox 384 2793 451 2859; x_wconf 92' lang='lat' dir='ltr'><strong>eius</strong></span> <span class='ocrx_word' id='word_1_175' title='bbox 474 2794 646 2879; x_wconf 87' lang='lat' dir='ltr'><strong>participes</strong></span> <span class='ocrx_word' id='word_1_176' title='bbox 665 2795 849 2860; x_wconf 85' lang='lat' dir='ltr'><strong>vehiculum</strong></span> <span class='ocrx_word' id='word_1_177' title='bbox 862 2787 965 2860; x_wconf 75' lang='lat' dir='ltr'><strong>&#39;Darei</strong></span> <span class='ocrx_word' id='word_1_178' title='bbox 980 2795 1118 2860; x_wconf 89' lang='lat' dir='ltr'><strong>assecuti</strong></span> <span class='ocrx_word' id='word_1_179' title='bbox 1141 2801 1314 2880; x_wconf 89' lang='lat' dir='ltr'><strong>coeperunt</strong></span> 
     </span>
     <span class='ocr_line' id='line_1_26' title="bbox 274 2898 1314 2983; baseline 0 -20"><span class='ocrx_word' id='word_1_180' title='bbox 274 2899 397 2965; x_wconf 89' lang='lat' dir='ltr'><strong>hortari</strong></span> <span class='ocrx_word' id='word_1_181' title='bbox 420 2919 501 2979; x_wconf 89' lang='lat' dir='ltr'><strong>eum,</strong></span> <span class='ocrx_word' id='word_1_182' title='bbox 532 2899 761 2964; x_wconf 88' lang='lat' dir='ltr'><strong>conscenderet</strong></span> <span class='ocrx_word' id='word_1_183' title='bbox 791 2919 908 2983; x_wconf 89' lang='lat' dir='ltr'><strong>equum</strong></span> <span class='ocrx_word' id='word_1_184' title='bbox 931 2907 962 2964; x_wconf 90' lang='lat' dir='ltr'><strong>et</strong></span> <span class='ocrx_word' id='word_1_185' title='bbox 989 2919 1024 2965; x_wconf 89' lang='lat' dir='ltr'><strong>se</strong></span> <span class='ocrx_word' id='word_1_186' title='bbox 1046 2899 1131 2964; x_wconf 89' lang='lat' dir='ltr'><strong>hosti</strong></span> <span class='ocrx_word' id='word_1_187' title='bbox 1153 2899 1232 2982; x_wconf 84' lang='lat' dir='ltr'><strong>fuga</strong></span> <span class='ocrx_word' id='word_1_188' title='bbox 1256 2898 1314 2963; x_wconf 91' lang='lat' dir='ltr'><strong>eri-</strong></span> 
     </span>
     <span class='ocr_line' id='line_1_27' title="bbox 225 2998 1314 3088; baseline -0.005 -16"><span class='ocrx_word' id='word_1_189' title='bbox 225 3020 258 3072; x_wconf 87' lang='grc'><strong>16</strong></span> <span class='ocrx_word' id='word_1_190' title='bbox 276 3010 373 3088; x_wconf 90' lang='lat' dir='ltr'><strong>peret.</strong></span> <span class='ocrx_word' id='word_1_191' title='bbox 421 3003 481 3068; x_wconf 92' lang='lat' dir='ltr'><strong>Ille</strong></span> <span class='ocrx_word' id='word_1_192' title='bbox 511 3003 588 3069; x_wconf 93' lang='lat' dir='ltr'><strong>deos</strong></span> <span class='ocrx_word' id='word_1_193' title='bbox 618 3003 738 3068; x_wconf 90' lang='lat' dir='ltr'><strong>ultores</strong></span> <span class='ocrx_word' id='word_1_194' title='bbox 756 2998 883 3069; x_wconf 89' lang='lat' dir='ltr'><strong>adesse</strong></span> <span class='ocrx_word' id='word_1_195' title='bbox 912 3010 1047 3070; x_wconf 89' lang='lat' dir='ltr'><strong>testatur</strong></span> <span class='ocrx_word' id='word_1_196' title='bbox 1076 3011 1108 3068; x_wconf 90' lang='lat' dir='ltr'><strong>et</strong></span> <span class='ocrx_word' id='word_1_197' title='bbox 1137 3002 1314 3068; x_wconf 81' lang='lat' dir='ltr'><strong>Alexandri</strong></span> 
     </span>
     <span class='ocr_line' id='line_1_28' title="bbox 276 3102 1314 3193; baseline -0.002 -21"><span class='ocrx_word' id='word_1_198' title='bbox 276 3106 374 3172; x_wconf 92' lang='lat' dir='ltr'><strong>fidem</strong></span> <span class='ocrx_word' id='word_1_199' title='bbox 389 3107 563 3192; x_wconf 88' lang='lat' dir='ltr'><strong>implorans</strong></span> <span class='ocrx_word' id='word_1_200' title='bbox 580 3115 687 3192; x_wconf 86' lang='lat' dir='ltr'><strong>negat,</strong></span> <span class='ocrx_word' id='word_1_201' title='bbox 704 3128 739 3173; x_wconf 91' lang='lat' dir='ltr'><strong>sc</strong></span> <span class='ocrx_word' id='word_1_202' title='bbox 754 3107 930 3193; x_wconf 91' lang='lat' dir='ltr'><strong>parricidas</strong></span> <span class='ocrx_word' id='word_1_203' title='bbox 945 3102 1030 3173; x_wconf 89' lang='lat' dir='ltr'><strong>velle</strong></span> <span class='ocrx_word' id='word_1_204' title='bbox 1046 3107 1197 3172; x_wconf 89' lang='lat' dir='ltr'><strong>comitari.</strong></span> <span class='ocrx_word' id='word_1_205' title='bbox 1233 3107 1314 3172; x_wconf 50' lang='lat' dir='ltr'><strong>(Pom</strong></span> 
     </span>
     <span class='ocr_line' id='line_1_29' title="bbox 277 3194 1316 3296; baseline -0.002 -18"><span class='ocrx_word' id='word_1_206' title='bbox 277 3232 354 3278; x_wconf 86' lang='lat' dir='ltr'><strong>vero</strong></span> <span class='ocrx_word' id='word_1_207' title='bbox 377 3212 426 3277; x_wconf 91' lang='lat' dir='ltr'><strong>ira</strong></span> <span class='ocrx_word' id='word_1_208' title='bbox 452 3232 578 3296; x_wconf 88' lang='lat' dir='ltr'><strong>quoque</strong></span> <span class='ocrx_word' id='word_1_209' title='bbox 593 3212 722 3278; x_wconf 89' lang='lat' dir='ltr'><strong>accensi</strong></span> <span class='ocrx_word' id='word_1_210' title='bbox 744 3213 809 3277; x_wconf 89' lang='lat' dir='ltr'><strong>tela</strong></span> <span class='ocrx_word' id='word_1_211' title='bbox 835 3194 995 3278; x_wconf 78' lang='lat' dir='ltr'><strong>coniciunt</strong></span> <span class='ocrx_word' id='word_1_212' title='bbox 1017 3211 1050 3276; x_wconf 93' lang='lat' dir='ltr'><strong>in</strong></span> <span class='ocrx_word' id='word_1_213' title='bbox 1072 3231 1181 3295; x_wconf 88' lang='lat' dir='ltr'><strong>regem</strong></span> <span class='ocrx_word' id='word_1_214' title='bbox 1196 3211 1316 3276; x_wconf 90' lang='lat' dir='ltr'><strong>multis·</strong></span> 
     </span>
    </p>
   </div>
   <div class='ocr_carea' id='block_1_3' title="bbox 217 3316 1319 3922">
    <p class='ocr_par' dir='ltr' id='par_1_3' title="bbox 217 3316 1319 3922">
     <span class='ocr_line' id='line_1_30' title="bbox 228 3316 1315 3400; baseline -0.002 -18"><span class='ocrx_word' id='word_1_215' title='bbox 228 3331 260 3383; x_wconf 84' lang='lat'><strong>17</strong></span> <span class='ocrx_word' id='word_1_216' title='bbox 279 3336 341 3400; x_wconf 90' lang='lat' dir='ltr'><strong>que</strong></span> <span class='ocrx_word' id='word_1_217' title='bbox 365 3317 547 3382; x_wconf 91' lang='lat' dir='ltr'><strong>confossum</strong></span> <span class='ocrx_word' id='word_1_218' title='bbox 569 3317 755 3382; x_wconf 88' lang='lat' dir='ltr'><strong>vulneribus</strong></span> <span class='ocrx_word' id='word_1_219' title='bbox 778 3316 983 3399; x_wconf 66' lang='lat' dir='ltr'><strong>relinquunt*</strong></span> <span class='ocrx_word' id='word_1_220' title='bbox 1013 3316 1160 3381; x_wconf 90' lang='lat' dir='ltr'><strong>lumenta</strong></span> <span class='ocrx_word' id='word_1_221' title='bbox 1181 3335 1315 3398; x_wconf 88' lang='lat' dir='ltr'><strong>quoque,</strong></span> 
     </span>
     <span class='ocr_line' id='line_1_31' title="bbox 280 3409 1314 3506; baseline -0.002 -20"><span class='ocrx_word' id='word_1_222' title='bbox 280 3441 321 3486; x_wconf 94' lang='lat' dir='ltr'><strong>ne</strong></span> <span class='ocrx_word' id='word_1_223' title='bbox 335 3419 462 3504; x_wconf 81' lang='lat' dir='ltr'><strong>longius</strong></span> <span class='ocrx_word' id='word_1_224' title='bbox 485 3421 634 3506; x_wconf 87' lang='lat' dir='ltr'><strong>prosequi</strong></span> <span class='ocrx_word' id='word_1_225' title='bbox 653 3427 791 3505; x_wconf 90' lang='lat' dir='ltr'><strong>possent,</strong></span> <span class='ocrx_word' id='word_1_226' title='bbox 808 3421 1046 3502; x_wconf 90' lang='lat' dir='ltr'><strong>convulnerant,</strong></span> <span class='ocrx_word' id='word_1_227' title='bbox 1064 3419 1188 3484; x_wconf 93' lang='lat' dir='ltr'><strong>duobus</strong></span> <span class='ocrx_word' id='word_1_228' title='bbox 1203 3409 1314 3500; x_wconf 74' lang='lat' dir='ltr'><strong>seruis,</strong></span> 
     </span>
     <span class='ocr_line' id='line_1_32' title="bbox 230 3517 1318 3608; baseline -0.003 -18"><span class='ocrx_word' id='word_1_229' title='bbox 230 3538 263 3590; x_wconf 81' lang='lat'><strong>18</strong></span> <span class='ocrx_word' id='word_1_230' title='bbox 282 3525 336 3608; x_wconf 85' lang='lat' dir='ltr'><strong>qni</strong></span> <span class='ocrx_word' id='word_1_231' title='bbox 358 3545 470 3608; x_wconf 84' lang='lat' dir='ltr'><strong>regern</strong></span> <span class='ocrx_word' id='word_1_232' title='bbox 501 3524 743 3606; x_wconf 89' lang='lat' dir='ltr'><strong>comitabantur,</strong></span> <span class='ocrx_word' id='word_1_233' title='bbox 779 3517 904 3590; x_wconf 84' lang='lat' dir='ltr'><strong>occisis.</strong></span> <span class='ocrx_word' id='word_1_234' title='bbox 950 3523 1020 3589; x_wconf 90' lang='lat' dir='ltr'><strong>Hoc</strong></span> <span class='ocrx_word' id='word_1_235' title='bbox 1050 3523 1139 3589; x_wconf 91' lang='lat' dir='ltr'><strong>edito</strong></span> <span class='ocrx_word' id='word_1_236' title='bbox 1157 3522 1318 3606; x_wconf 37' lang='lat' dir='ltr'><strong>ffacinore,</strong></span> 
     </span>
     <span class='ocr_line' id='line_1_33' title="bbox 268 3625 1316 3714; baseline -0.006 -18"><span class='ocrx_word' id='word_1_237' title='bbox 268 3637 315 3696; x_wconf 83' lang='lat' dir='ltr'><strong>ut</strong></span> <span class='ocrx_word' id='word_1_238' title='bbox 335 3629 475 3712; x_wconf 85' lang='lat' dir='ltr'><strong>vestigia</strong></span> <span class='ocrx_word' id='word_1_239' title='bbox 504 3629 603 3712; x_wconf 83' lang='lat' dir='ltr'><strong>fugae</strong></span> <span class='ocrx_word' id='word_1_240' title='bbox 634 3633 834 3714; x_wconf 84' lang='lat' dir='ltr'><strong>spargerent,</strong></span> <span class='ocrx_word' id='word_1_241' title='bbox 869 3625 1078 3694; x_wconf 86' lang='lat' dir='ltr'><strong>Nabarzanes</strong></span> <span class='ocrx_word' id='word_1_242' title='bbox 1110 3626 1316 3711; x_wconf 86' lang='lat' dir='ltr'><strong>Hyrcaniam,</strong></span> 
     </span>
     <span class='ocr_line' id='line_1_34' title="bbox 268 3732 1319 3818; baseline -0.003 -19"><span class='ocrx_word' id='word_1_243' title='bbox 268 3735 403 3801; x_wconf 81' lang='lat' dir='ltr'><strong>Bessus</strong></span> <span class='ocrx_word' id='word_1_244' title='bbox 432 3735 549 3799; x_wconf 89' lang='lat' dir='ltr'><strong>Bactra</strong></span> <span class='ocrx_word' id='word_1_245' title='bbox 578 3733 691 3818; x_wconf 87' lang='lat' dir='ltr'><strong>paucis</strong></span> <span class='ocrx_word' id='word_1_246' title='bbox 722 3733 863 3816; x_wconf 90' lang='lat' dir='ltr'><strong>equitum</strong></span> <span class='ocrx_word' id='word_1_247' title='bbox 883 3732 1120 3799; x_wconf 88' lang='lat' dir='ltr'><strong>comitantibus</strong></span> <span class='ocrx_word' id='word_1_248' title='bbox 1154 3732 1319 3817; x_wconf 85' lang='lat' dir='ltr'><strong>petebant.</strong></span> 
     </span>
     <span class='ocr_line' id='line_1_35' title="bbox 217 3833 1319 3922; baseline 0.003 -25"><span class='ocrx_word' id='word_1_249' title='bbox 217 3856 246 3897; x_wconf 79' lang='lat'><strong>.:·</strong></span> <span class='ocrx_word' id='word_1_250' title='bbox 274 3837 416 3903; x_wconf 59' lang='lat' dir='ltr'><strong>⁴Barbari</strong></span> <span class='ocrx_word' id='word_1_251' title='bbox 445 3837 580 3903; x_wconf 88' lang='lat' dir='ltr'><strong>ducibus</strong></span> <span class='ocrx_word' id='word_1_252' title='bbox 610 3835 761 3918; x_wconf 89' lang='lat' dir='ltr'><strong>destituti,</strong></span> <span class='ocrx_word' id='word_1_253' title='bbox 794 3855 857 3920; x_wconf 88' lang='lat' dir='ltr'><strong>qua</strong></span> <span class='ocrx_word' id='word_1_254' title='bbox 887 3851 1045 3922; x_wconf 88' lang='lat' dir='ltr'><strong>quemque</strong></span> <span class='ocrx_word' id='word_1_255' title='bbox 1066 3842 1130 3902; x_wconf 34' lang='lat' dir='ltr'><strong>*aut</strong></span> <span class='ocrx_word' id='word_1_256' title='bbox 1160 3853 1235 3921; x_wconf 85' lang='lat' dir='ltr'><strong>spes</strong></span> <span class='ocrx_word' id='word_1_257' title='bbox 1264 3833 1319 3900; x_wconf 93' lang='lat' dir='ltr'><strong>du-</strong></span> 
     </span>
    </p>
   </div>
   <div class='ocr_carea' id='block_1_4' title="bbox 0 0 1545 4318">
    <p class='ocr_par' dir='ltr' id='par_1_4' title="bbox 0 0 1545 4318">
     <span class='ocr_line' id='line_1_36' title="bbox 0 0 1545 4318; baseline 0 0"><span class='ocrx_word' id='word_1_258' title='bbox 0 0 1545 4318; x_wconf 95' lang='lat' dir='ltr'><strong> </strong></span> 
     </span>
    </p>
   </div>
  </div>
 </body>
</html>
