3040 4318
280 239 342 303 112
664 239 694 307 Q.
714 239 822 294 GURTI
841 241 927 295 RUFI

278 445 374 511 ceteri
397 445 481 511 hanc
504 465 623 528 vocem,
649 446 706 512 sed
729 447 944 529 Nabarzanes,
977 449 1029 530 qui
1053 449 1085 512 in
1109 448 1221 514 eodem
1244 471 1316 514 con-

278 549 348 613 silio
372 557 447 632 erat,
473 571 551 644 ¹curn
574 551 675 616 Besso
698 550 832 616 inauditi
862 559 956 617 antea
986 551 1136 618 facinoris
1163 554 1316 621 societate

277 653 355 718 inita
377 675 488 738 regem
512 673 603 719 suum
625 676 683 740 per
708 655 834 736 milites,
867 656 981 739 quibus
1012 657 1106 721 ambo
1137 665 1314 741 praeerant,

277 758 547 843 comprehendere
570 767 602 825 ot
625 759 744 824 vincire
768 759 984 842 decreverant,
1006 782 1044 826 ea
1067 770 1180 843 mente,
1213 770 1255 843 ut,
1288 763 1315 827 si

229 869 236 886 '
277 862 459 929 Alexander
481 864 567 948 ipsos
591 864 751 930 insecutus
775 865 865 946 foret,
888 865 1005 930 tradito
1020 886 1097 948 rege
1113 866 1186 931 vivo
1202 866 1317 932 inirent

276 968 413 1050 gratiam
434 969 573 1050 victoris,
605 991 722 1053 magno
745 969 889 1054 proiecto
913 969 1037 1054 cepisse
1061 970 1202 1036 Dareum
1224 971 1316 1036 aesti-

275 1072 398 1152 maturi,
435 1072 483 1137 sin
515 1080 621 1137 autem
652 1093 724 1138 eum
755 1072 897 1156 effugere
927 1073 1114 1157 potuissent,
1149 1074 1315 1140 interiecto

278 1177 383 1242 Dareo
412 1197 546 1260 regnum
576 1177 638 1260 ipsi
673 1184 865 1261 occuparent
899 1178 1080 1260 bellumque
1114 1187 1313 1244 renovarent.

240 1290 257 1339 3
275 1281 345 1345 Hoc
362 1279 567 1365 parricidium
583 1301 654 1345 cum
671 1280 724 1346 diu
741 1282 949 1362 volutassent,
960 1282 1177 1364 Nabarzanes,
1193 1282 1314 1348 aditum

275 1385 417 1450 nefariae
440 1385 509 1469 spei
532 1405 737 1470 praeparem,
757 1385 846 1450 ‘Scio
868 1388 944 1466 me’,
976 1385 1084 1469 inquit,
1113 1387 1314 1452 ‘sententiam

275 1510 346 1556 esse
370 1490 525 1554 dicturum
549 1490 651 1574 prima
681 1491 788 1575 specie
819 1489 1067 1572 haudquaquam
1098 1491 1227 1557 auribus
1250 1491 1313 1556 tuis

275 1601 409 1676 gratam.
457 1593 523 1660 Sed
544 1593 661 1659 medici
685 1615 810 1677 quoque
841 1593 1005 1677 graviores
1036 1595 1163 1659 morbos
1187 1594 1309 1680 asperis

275 1698 423 1764 remediis
447 1706 566 1779 curant,
599 1707 630 1764 et
660 1701 861 1782 gubernator,
893 1699 947 1764 ubi
976 1699 1180 1782 naufragium
1209 1699 1308 1781 timet,

239 1803 405 1884 4iactura,
437 1804 587 1887 quioquid
618 1804 739 1870 servari
768 1811 881 1888 potest,
913 1804 1048 1869 redimit.
1095 1803 1166 1886 Idgo
1195 1811 1312 1886 tamen,

273 1926 336 1972 non
366 1915 401 1973 nt
430 1908 580 1974 damnum
610 1908 739 1991 quidem
769 1907 878 1990 facias,
910 1907 1041 1988 suades,
1072 1907 1129 1974 sed
1159 1915 1194 1974 ut
1219 1915 1251 1973 te
1274 1929 1312 1972 ac

273 2031 409 2095 regnum
438 2019 527 2077 tuum
557 2013 676 2078 salubri
706 2013 827 2079 ratione
857 2031 1036 2078 conserves.
1085 2012 1144 2078 Dis
1167 2011 1312 2078 adversis

273 2117 392 2182 bellum
415 2116 550 2197 iniimus,
587 2123 618 2182 et
640 2117 785 2202 pertinax
816 2117 944 2183 fortuna
966 2117 1082 2183 Persas
1112 2137 1226 2200 urgere
1248 2135 1312 2180 non

275 2219 406 2285 desinit:
431 2220 522 2286 novis
553 2220 651 2286 initiis
680 2228 711 2286 et
742 2221 898 2286 ominibus
922 2241 1001 2306 opus
1026 2229 1082 2286 est.
1124 2220 1312 2306 Auspicium

274 2331 305 2389 et
327 2323 493 2409 imperium
523 2325 648 2390 interim
678 2325 734 2390 alii
762 2325 862 2409 trade,
893 2326 946 2408 qui
975 2324 1097 2390 tamdiu
1128 2345 1184 2392 rex
1206 2325 1312 2410 appel·

273 2428 363 2510 latur,
387 2427 489 2495 donec
513 2429 592 2494 Asia
614 2428 751 2495 decedat
773 2429 885 2514 hostis,
914 2429 1015 2495 vietor
1039 2428 1154 2496 deinde
1177 2449 1311 2512 regnum

239 2533 331 2598 stibi
353 2532 475 2598 reddat.
524 2533 596 2598 Hoc
619 2541 725 2599 autem
756 2534 845 2599 brevi
876 2534 1016 2598 futurum
1046 2534 1126 2600 ratio
1149 2533 1310 2618 promittit.

274 2638 390 2702 Bactra
412 2637 531 2703 intaeta
554 2645 634 2719 sunt,
658 2638 730 2702 Indi
753 2646 785 2704 et
808 2639 911 2704 Sacae
934 2639 967 2702 in
989 2647 1046 2703 tua
1067 2645 1243 2722 potestate:
1265 2645 1312 2702 tot

272 2742 382 2827 populi
415 2751 463 2808 tot
496 2743 664 2826 exercitus,
696 2750 743 2808 tot
766 2743 908 2826 equitum
931 2742 1137 2827 peditumque
1159 2741 1246 2806 milia
1269 2741 1311 2806 ad

272 2848 474 2913 renovandas
504 2848 589 2914 vires
619 2855 732 2934 parata
762 2847 891 2928 habent,
920 2855 956 2912 ut
985 2847 1085 2911 maior
1110 2845 1188 2911 belli
1210 2846 1311 2910 moles

237 2963 253 3013 6
272 2952 409 3037 supersit
432 2973 527 3034 quam
550 2952 708 3018 exhausta
730 2953 779 3017 sit.
828 2951 913 3029 Quid
935 2951 1055 3016 ruimus
1070 2951 1234 3016 beluarum
1249 2950 1310 3015 ritu

272 3055 304 3119 in
334 3056 507 3140 perniciem
541 3077 605 3122 non
639 3057 878 3122 necessariam?
923 3056 1064 3121 Fortium
1094 3055 1232 3121 virorum
1261 3061 1311 3120 est

237 3161 374 3243 tmagis
405 3169 537 3226 mortem
568 3170 768 3227 contemnere
799 3181 893 3244 quam
924 3161 1030 3226 odisse
1053 3160 1159 3226 vitam.
1206 3159 1310 3244 Saepe

271 3265 378 3330 taedio
401 3267 521 3331 laboris
545 3266 588 3331 ad
610 3267 765 3331 vilitatem
789 3266 838 3331 sui
861 3265 1092 3351 compelluntur
1114 3264 1232 3348 ignavi.
1268 3264 1311 3328 At

272 3369 348 3434 nihil
372 3369 472 3435 virtus
496 3370 696 3455 inexpertum
726 3370 849 3451 omittit,
881 3377 977 3452 atque
1003 3369 1148 3434 ultimum
1171 3367 1309 3432 omnium

237 3485 356 3540 amors
381 3481 445 3539 est:
468 3473 511 3539 ad
534 3495 629 3557 quam
650 3493 713 3539 non
736 3475 828 3559 pigre
850 3475 896 3539 ire
919 3473 996 3539 satis
1020 3480 1077 3538 est.
1124 3471 1259 3536 Proinde
1282 3471 1309 3536 si

270 3579 394 3660 Bactra,
434 3578 520 3661 quod
560 3579 753 3644 tutissimum
789 3580 1026 3664 receptaculum
1064 3583 1121 3658 est,
1160 3576 1306 3661 petimus,

270 3684 466 3769 praefectum
478 3683 619 3766 regionis
642 3684 720 3765 eius,
733 3685 878 3766 Bessum,
901 3705 1011 3767 regem
1034 3681 1185 3767 temporis
1205 3679 1309 3764 gratia

269 3799 471 3853 statuamus:
500 3788 595 3852 rebus
616 3788 799 3873 compositis
823 3789 906 3853 iusto
936 3787 1006 3870 regi
1028 3785 1087 3852 tibi
1110 3784 1308 3849 fiduciarium

269 3892 413 3958 restituet
435 3891 618 3976 imperium?
