3040 4318
417 243 668 299 HISTORIARUM
686 245 900 299 ALEXANDRI
919 246 955 298 lV
974 248 999 298 8.
1019 248 1042 296 9.
1212 245 1254 309 59

213 447 394 514 desiderare
416 449 485 532 visi,
515 451 774 535 impetraverunt
821 451 1023 535 Mitylenaeis
1051 471 1187 536 quoque,
1212 452 1253 516 ob

214 553 378 636 egregiam
401 553 433 618 in
456 562 565 638 partes
589 553 694 636 fidem,
719 563 750 620 et
773 555 950 640 pecuniam,
975 576 1071 638 quam
1087 555 1119 620 in
1134 555 1254 621 bellum

213 656 443 741 impenderant,
479 658 618 724 reddidit
641 667 673 724 et
708 679 856 743 magnam
890 659 1056 742 regionem
1087 658 1253 724 finitimam

214 761 339 828 adiecit.
386 761 578 848 Cypriorum
612 783 738 847 quoque
771 765 911 848 regibus,
947 764 1001 846 qui
1035 772 1067 830 et
1096 785 1116 829 a
1145 764 1254 828 Dareo
1275 777 1307 828 14

215 866 400 934 deiecerant
432 866 474 934 ad
508 868 612 952 ipsum
647 875 679 933 et
714 869 914 953 oppugnanti
946 869 1068 952 Tyrum
1103 867 1255 933 miserant

215 972 359 1054 classem,
383 993 441 1057 pro
464 973 576 1038 merito
599 973 701 1038 honos
723 971 851 1039 habitus
874 981 932 1039 est.

318 1077 534 1162 Amphoterus
568 1077 692 1158 deinde,
732 1079 840 1144 classis
874 1077 1066 1162 praefectus,
1101 1077 1143 1142 ad
1176 1076 1253 1141 libe·
1274 1091 1305 1140 15

214 1182 347 1247 rendam
386 1181 513 1248 Cretam
550 1183 666 1248 missus
701 1219 741 1230 -
777 1203 914 1266 namque
953 1191 984 1247 ct
1020 1183 1188 1247 Persarum
1223 1187 1255 1245 et

214 1288 442 1372 Spartanorum
465 1287 561 1353 armis
592 1288 743 1372 pleraque
774 1287 842 1354 eius
872 1288 995 1354 insulae
1026 1286 1254 1352 obsidebantur

214 1430 256 1438 —
290 1399 365 1458 ante
399 1393 506 1457 omnia
543 1413 630 1457 mare
665 1413 685 1457 a
718 1392 859 1476 piraticis
896 1392 1051 1458 classibus
1089 1389 1253 1456 vindicare

214 1496 335 1562 iussus:
367 1497 486 1581 quippe
516 1497 691 1561 obnoxium
721 1495 938 1581 praedonibus
961 1503 1037 1576 erat,
1069 1496 1105 1558 ia
1134 1494 1253 1559 bellum

214 1607 347 1682 utroque
377 1620 455 1683 rege
485 1619 649 1665 converso.
695 1599 754 1666 His
788 1599 972 1684 compositis
997 1597 1130 1664 Herculi
1153 1597 1252 1681 Tyrio
1274 1611 1305 1660 16

215 1724 255 1769 cx
275 1724 352 1769 auro
369 1711 522 1769 crateram
537 1691 609 1769 cum
631 1715 708 1767 XXX
726 1704 845 1789 pateris
871 1703 989 1768 dicavit
1023 1702 1254 1784 imminensque

214 1809 322 1873 Dareo
345 1807 387 1872 ad
411 1807 597 1891 Euphraten
620 1807 680 1872 iter
702 1807 899 1891 pronuntiari
922 1807 1023 1872 iussit.

671 2000 736 2054 Cae.
755 1998 804 2053 IX.

163 2125 207 2196 35
322 2120 365 2185 At
392 2121 525 2201 Dareus,
558 2141 630 2186 cum
660 2121 811 2205 Aegypto
841 2119 1019 2186 devertisse
1049 2119 1081 2183 in
1111 2117 1253 2182 Africam
1291 2132 1303 2180 1

217 2223 343 2289 hostem
372 2224 589 2318 comperisset,
626 2224 837 2305 dubitaverat,
868 2233 1015 2290 utrumne
1046 2223 1130 2288 circa
1153 2223 1255 2288 Meso·

216 2328 390 2412 potamiam
427 2328 613 2394 subsisteret
646 2349 687 2393 an
720 2329 868 2393 interiora
906 2328 998 2411 regni
1035 2327 1084 2392 sui
1122 2333 1252 2411 peteret,

217 2430 304 2495 haud
334 2431 431 2496 dubie
462 2432 621 2516 potentior
654 2439 764 2497 auctor
797 2452 947 2517 praesens
982 2431 1107 2496 futurus
1135 2429 1255 2495 ultimis

217 2535 364 2618 gentibus
394 2536 530 2620 impigre
564 2537 683 2601 bellum
718 2535 915 2620 capessendi,
951 2555 1030 2618 quas
1062 2553 1162 2618 aegro
1197 2553 1254 2617 per

216 2639 395 2723 praefectos
416 2659 491 2706 suos
514 2640 710 2705 moliebatur.
759 2640 825 2706 Sed
854 2647 890 2704 ut
918 2639 1042 2704 idoneis
1071 2625 1252 2702 auctoribus
1290 2653 1307 2702 2

216 2744 300 2809 fama
322 2729 474 2828 vulgavit,
499 2744 717 2810 Alexandrum
740 2764 812 2810 cum
835 2744 981 2809 omnibus
1003 2743 1113 2827 copiis,
1146 2761 1254 2823 quam-

216 2869 353 2931 cumque
383 2849 453 2933 ipse
476 2849 597 2916 adisset
626 2850 801 2932 regionem,
834 2849 1017 2933 petiturum,
1049 2847 1136 2910 haud
1166 2846 1254 2928 igna-

215 2973 278 3033 rus,
310 2973 407 3035 qnam
430 2973 502 3018 oum
525 2961 652 3018 strenuo
678 2973 729 3018 res
753 2960 847 3033 esset,
878 2952 984 3017 omnia
1007 2950 1253 3033 longinquarum

216 3056 359 3139 gentium
388 3055 509 3122 auxilia
531 3058 742 3141 Babyloniam
772 3056 916 3122 contrahi
946 3056 1045 3122 iussit.
1092 3053 1253 3118 Bactriani

216 3159 420 3244 Scythaeque
457 3169 488 3226 et
525 3161 598 3226 Indi
636 3167 866 3226 convenerant:
905 3160 968 3225 iam
1006 3166 1038 3224 ct
1076 3166 1253 3223 ceterarum

216 3264 359 3346 gentium
382 3265 494 3350 copiae
516 3265 659 3350 partibus
684 3266 778 3330 simul
800 3266 967 3330 affuerunt.
1007 3265 1157 3329 Ceterum
1179 3281 1251 3326 cum
1289 3277 1304 3326 3

215 3367 348 3434 dimidio
378 3369 478 3435 ferme
508 3370 610 3435 maior
643 3377 728 3435 esset
761 3369 921 3436 exercitus
955 3389 1051 3450 quarn
1081 3368 1112 3432 in
1144 3365 1255 3431 Cilicia

216 3473 329 3556 fuerat,
353 3475 461 3541 multis
475 3497 566 3540 arma
586 3475 738 3541 deerant:
762 3495 844 3557 quae
861 3494 984 3540 summa
1000 3493 1077 3538 cura
1093 3491 1255 3555 compara-

215 3581 339 3646 bantur.
386 3580 555 3664 llquitibus
579 3580 733 3663 equisque
759 3586 945 3663 tegumenta
968 3585 1057 3644 erant
1080 3597 1120 3642 ex
1142 3574 1254 3640 ferreis

216 3685 376 3750 lamminis
411 3686 494 3752 serie
527 3685 610 3752 inter
642 3705 678 3751 se
713 3685 860 3750 conexis:
895 3684 967 3766 quis
1000 3689 1095 3747 antea
1125 3687 1253 3766 praeter
1343 3758 1346 3764 Ι

189 3789 321 3855 ,16611111
343 3788 422 3856 nihil
443 3789 586 3871 dederat,
611 3797 702 3855 scuta
717 3789 880 3872 gladiique
895 3788 1133 3852 adiciebantur:
1158 3804 1253 3866 equo·
1288 3797 1305 3844 4

217 3911 350 3976 rumque
366 3953 367 3956 ,
381 3893 531 3958 domandi
564 3911 682 3977 greges
715 3892 876 3977 peditibus
910 3890 1068 3956 distributi
1103 3897 1183 3968 sunt,
1218 3896 1253 3952 ut
