2976 4322
273 233 527 289 HISTORIARUM
546 233 761 288 ALEXANDRI
779 234 858 288 VIIII
877 238 900 288 3.
919 237 943 287 4.
1066 233 1128 299 257

134 445 233 524 propter
257 460 371 524 paucos
407 439 476 507 dies
507 441 638 526 longam
668 441 843 506 orationem
866 461 938 505 eum
975 459 1130 522 exorsum,

132 551 256 627 tamquam
275 545 358 610 solus
376 545 597 612 Macedoniam
619 545 743 611 visurus
759 552 853 611 esset.
887 541 966 610 ¹Iam
988 546 1022 609 in
1044 566 1128 628 aqua
1146 556 1175 606 21

131 647 224 729 classis,
252 667 341 730 quam
379 649 539 738 aedificari
574 651 718 730 iusserat,
753 651 866 714 stabat.
930 649 1017 715 Inter
1049 649 1131 716 haec

128 753 245 818 Memnon
263 775 301 820 ex
323 754 463 819 Thracia
487 755 520 820 in
546 739 801 840 supplementum
827 755 968 838 equitum
990 776 1011 818 v
1032 753 1130 836 milia,

124 863 228 942 practer
252 877 301 924 eos
335 859 377 923 ab
400 859 544 944 Harpalo
578 857 722 944 peditum
752 869 803 922 VII
832 859 922 922 milia
954 856 1131 924 adduxerat

123 983 246 1045 armaque
264 974 337 1027 XXV
352 963 482 1028 milibus
506 984 584 1028 auro
602 971 634 1028 et
649 970 782 1046 argento
799 963 925 1028 caelata
939 963 1129 1048 pertulerat:

121 1067 179 1148 quis
210 1066 372 1132 distributis
406 1074 515 1133 vetera
549 1067 682 1133 cremari
712 1067 813 1132 iussit.
867 1067 956 1132 Mille
990 1066 1183 1150 navigium

117 1171 237 1236 aditurus
256 1171 426 1253 Oceanum,
453 1171 682 1254 discordesque
722 1179 754 1237 et
780 1176 890 1237 vetera
912 1170 986 1236 odia
1015 1178 1131 1237 retrac-

115 1283 204 1341 tantes
230 1277 339 1340 Porum
377 1283 408 1342 et
438 1276 582 1357 Taxilen,
613 1275 727 1341 Indiae
757 1296 868 1359 reges,
901 1275 1043 1340 firmatae
1072 1295 1130 1360 per

113 1379 275 1446 asinitatem
308 1380 431 1463 gratiae
465 1380 593 1462 reliquit
622 1380 656 1444 in
690 1381 755 1445 suis
784 1379 902 1462 regnis,
937 1399 1059 1443 summo
1096 1379 1130 1444 in

109 1483 287 1548 aedificanda
317 1484 421 1548 classe
446 1485 611 1549 amborum
643 1482 748 1549 studio
771 1503 856 1548 usus.
903 1481 1031 1568 Oppida
1057 1503 1131 1565 quc·
1150 1491 1183 1540 23

107 1608 162 1668 que
184 1587 240 1652 duo
262 1587 420 1653 condidit:
445 1608 578 1670 quonrm
600 1587 735 1652 alterum
758 1587 912 1652 Nicaeam
944 1587 1129 1672 appellavit,

103 1692 227 1757 alterum
248 1691 473 1776 Bucephalam,
497 1692 579 1774 equi,
604 1711 698 1775 quem
709 1692 872 1772 amiserat,
896 1691 1067 1756 memoriae
1092 1712 1130 1756 ac

101 1796 214 1860 nomini
245 1795 398 1862 dedicans
432 1797 551 1862 urbem.
599 1795 788 1881 Elephantis
827 1796 943 1861 deinde
977 1803 1009 1860 et
1030 1796 1128 1879 impe·
1147 1802 1180 1852 24

98 1899 241 1965 dimentis
264 1906 349 1966 terra
372 1902 462 1984 sequi
485 1901 580 1966 iussis
604 1898 743 1966 secundo
773 1921 867 1964 amne
889 1898 1031 1980 defluxit,
1056 1919 1130 1982 qua-

94 2003 241 2087 draginta
274 2005 374 2070 ferme
413 2005 518 2070 stadia
552 2005 688 2088 singulis
727 2003 840 2068 diebus
874 2003 1061 2089 procedens,
1095 2011 1130 2068 ut

91 2109 279 2192 opportunis
302 2109 381 2175 loeis
404 2110 521 2194 exponi
545 2109 680 2174 subinde
704 2109 816 2193 copiae
839 2115 979 2192 possent.
1190 2111 1192 2117 '

547 2301 612 2353 Car.
631 2301 678 2354 IV.

171 2420 369 2485 Perventum
407 2426 474 2485 erat
507 2420 541 2484 in
573 2420 752 2503 regionem,
786 2420 818 2484 in
857 2440 920 2504 qua
954 2418 1161 2504 Hydaspesl

73 2523 185 2588 amnis
225 2523 358 2590 Acesini
400 2521 614 2588 committitur.
682 2524 766 2588 Hinc
804 2523 942 2590 decurrit
978 2525 1012 2588 in
1048 2523 1162 2588 fines2

70 2628 243 2692 Siborum.
293 2627 334 2691 Hi
366 2629 406 2692 de
436 2628 578 2693 exercitu
609 2628 757 2693 Herculis
787 2629 922 2694 maiores
953 2649 1027 2694 suos
1058 2647 1127 2692 esse

69 2739 280 2796 memorant:
316 2751 433 2815 aegros
467 2733 594 2797 relictos
629 2733 752 2816 cepisse
786 2733 905 2813 sedem,
937 2753 1032 2814 quam
1066 2731 1128 2816 ipsi

69 2836 283 2901 obtinebant.
330 2836 435 2902 Pelles
452 2835 592 2901 ferarum
615 2856 672 2920 pro
688 2843 787 2916 veste,
808 2837 920 2902 clavae
935 2838 997 2902 tela
1020 2842 1128 2900 erant:
1149 2849 1163 2898 3

69 2941 249 3022 multaque
275 2941 382 3021 etiam,
407 2960 478 3004 eum
501 2940 615 3006 Graeci
645 2961 751 3005 mores
775 2941 998 3020 exolevissent,
1022 2940 1130 3023 stirpis

69 3043 301 3109 otendebant
331 3044 481 3128 vestigia.
536 3044 619 3109 Hinc
650 3044 834 3110 escensione
865 3045 952 3109 facta
975 3055 1017 3108 CO
1048 3051 1080 3109 et
1108 3055 1166 3106 Ls

70 3148 179 3212 tadia
197 3145 367 3233 prooessit
383 3149 662 3233 depopulatusque
677 3148 841 3231 regionem
853 3148 1017 3233 oppidum,
1036 3153 1131 3233 eaput

69 3253 141 3328 iuS,
173 3272 310 3317 corona
333 3251 426 3337 cepit.
474 3262 522 3314 XL
545 3251 635 3315 milia
657 3250 801 3336 peditum
816 3253 883 3321 alia
905 3271 983 3334 gens
1005 3252 1038 3316 in
1060 3251 1130 3335 ripa
1149 3266 1164 3314 5

69 3356 253 3420 uminum
293 3363 502 3441 opposuerat:
538 3376 620 3438 quae
649 3377 742 3420 amne
773 3363 921 3441 superato
951 3356 984 3420 in
1021 3356 1130 3438 fugam

69 3460 235 3544 ›mpulit
271 3460 477 3542 inclusosque
507 3461 674 3524 moenibus
698 3466 870 3544 expugnat.
915 3460 1056 3524 Puberes
1085 3459 1129 3523 in·

69 3564 195 3628 ufecti
237 3570 329 3644 sunt,
356 3564 452 3629 ceteri
482 3563 657 3629 venierunt.
705 3563 850 3628 Alteram
881 3563 996 3628 deinde
1018 3564 1163 3628 urbemo

69 3688 273 3752 :pugnare
306 3668 437 3732 adortus
471 3687 649 3751 magnaque
680 3667 712 3731 vi
746 3667 984 3732 defendentium
1019 3668 1129 3752 pulsus

69 3770 179 3835 ultos
212 3770 437 3836 Macedonum
461 3770 576 3838 amisit.
624 3771 688 3836 Sed
718 3791 789 3836 cum
811 3771 844 3834 in
874 3770 1039 3836 obsidione
1062 3791 1128 3855 per-

69 3881 278 3956 verasset,
312 3873 463 3959 oppidani
494 3873 664 3958 desperata
697 3874 800 3939 salute
829 3874 935 3958 ignem
966 3874 1128 3940 subiecere

83 4009 227 4053 Curtius
247 4009 333 4053 Rufus
346 4020 395 4054 von
411 4009 532 4064 Stangl.
993 3998 1024 4048 17
