3040 4318
283 239 344 303 152
671 243 702 307 Q.
722 241 830 295 CURTl
849 241 935 295 RUFI

279 446 396 509 micum
419 465 482 509 non
503 444 609 526 habui,
634 465 774 510 sororem
798 466 887 510 suam
911 446 943 509 in
959 447 1194 512 matrimonium
1217 447 1313 512 dedit.

230 568 261 619 rs
280 549 351 630 Hic,
383 570 453 614 cum
485 549 685 634 scripsissem
715 550 745 614 ei
774 570 832 634 pro
861 551 930 615 iure
962 557 1028 616 tam
1052 549 1217 616 familiaris
1240 573 1316 618 usus

279 659 374 736 atque
397 652 567 734 amicitiae,
592 653 693 736 qualis
717 673 785 718 sors
809 655 895 719 edita
915 662 999 720 esset
1021 655 1107 721 lovis
1130 656 1316 722 Hammonis

279 758 416 839 oraculo,
449 758 597 823 sustinuit
626 759 801 824 rescribere
832 759 920 837 mihi,
945 779 979 824 se
1002 759 1131 842 quidem
1154 760 1314 844 gratulari,

279 861 364 944 quod
404 863 436 926 in
474 883 637 927 numerum
672 862 803 928 deorum
837 868 984 948 receptus
1022 882 1136 945 essem,
1175 870 1314 930 ceterum

278 965 421 1031 misereri
458 986 578 1045 eorum,
602 966 717 1049 quibus
754 968 928 1032 vivendum
964 974 1050 1033 esset
1088 968 1147 1034 sub
1178 989 1225 1051 eo,
1261 971 1315 1052 qui

229 1089 260 1140 19
278 1070 408 1135 modum
439 1071 577 1136 hominis
608 1073 786 1137 excederet.
833 1073 922 1137 Haeo
957 1080 1030 1137 sunt
1053 1080 1085 1138 et
1107 1073 1169 1138 iam
1192 1073 1315 1158 pridem

278 1175 375 1239 animi
405 1176 537 1240 alienati
560 1197 580 1240 a
602 1198 652 1241 me
676 1183 708 1242 ct
730 1175 902 1242 invidentis
926 1177 1048 1260 gloriae
1070 1198 1162 1242 meae
1186 1179 1313 1244 indicia.

279 1278 369 1355 Quae
400 1279 556 1362 equidem,
587 1281 715 1362 milites,
747 1281 898 1364 quamdiu
929 1280 1027 1362 licuit,
1061 1281 1094 1346 in
1117 1283 1222 1347 animo
1244 1303 1315 1349 meo

277 1383 389 1468 pressi.
436 1382 579 1449 Videbar
608 1385 693 1450 enim
723 1385 800 1450 mibi
830 1392 954 1470 partem
984 1386 1143 1452 viseerum
1173 1406 1314 1452 meorum

277 1487 477 1572 abrumpere,
502 1489 538 1569 si,
569 1489 602 1552 in
621 1510 700 1571 quos
723 1497 791 1554 tam
813 1512 932 1573 magna
956 1490 1162 1570 contuleram,
1186 1491 1315 1556 viliores

225 1609 259 1659 20
278 1591 355 1656 mihi
390 1592 538 1658 facerem.
596 1593 661 1660 Sed
701 1595 766 1658 iam
799 1615 863 1659 non
895 1593 995 1659 verba
1028 1594 1190 1679 punienda
1224 1602 1313 1661 sunt:

225 1712 257 1764 21
277 1697 408 1778 linguae
437 1697 601 1763 temeritas
631 1699 776 1782 pervenit
809 1699 851 1762 ad
882 1697 1017 1781 gladios.
1065 1700 1143 1779 Hos,
1175 1699 1202 1764 si
1236 1699 1315 1764 mihi

278 1799 417 1880 creditis,
449 1801 592 1866 Philotas
616 1801 648 1865 in
679 1823 730 1868 me
752 1803 848 1884 acuit,
873 1803 900 1868 si
923 1803 995 1887 ipsi,
1018 1803 1089 1867 acui
1112 1803 1196 1868 sivit.
1244 1803 1314 1879 Quo

262 1925 327 1968 me
351 1904 522 1986 conferam,
546 1905 690 1972 milites?
714 1907 764 1972 cui
788 1914 883 1992 caput
899 1927 1004 1972 meum
1024 1907 1176 1972 credam?
1221 1909 1314 1990 Equi-

208 2038 210 2042 .
276 2015 354 2089 tatu,
386 2009 525 2093 optimae
555 2012 714 2076 exercitus
744 2012 836 2096 parti,
868 2011 1064 2096 principibus
1098 2011 1313 2077 nobilissimae

276 2113 457 2194 iuventutis,
493 2134 590 2178 unum
628 2116 788 2200 praefeci:
830 2115 975 2197 salutem,
1010 2135 1108 2200 spem,
1148 2115 1314 2180 victoriam

225 2234 260 2283 22
269 2201 381 2282 'meam
410 2216 484 2282 fidei
515 2218 583 2283 eius
613 2220 795 2301 tutelaeque
827 2219 979 2284 commisi.
1024 2218 1152 2284 Patrem
1174 2220 1206 2283 in
1229 2218 1314 2284 ideur

276 2321 449 2404 fastigium,
472 2322 504 2386 in
527 2342 662 2405 quomo
696 2324 759 2408 ipsi
781 2323 941 2408 posuistis,
975 2322 1120 2390 admovi:
1165 2323 1311 2405 Mediam,

277 2446 338 2508 qua
361 2427 449 2490 nulla
472 2427 651 2510 opulentior
666 2428 754 2512 regio
778 2434 835 2507 est,
854 2433 886 2492 et
900 2434 947 2492 tot
963 2427 1079 2492 civium
1095 2426 1313 2510 sociorumque

275 2529 364 2594 milia
386 2529 521 2612 imperio
545 2531 612 2596 eius
635 2531 816 2614 dicionique
833 2531 962 2597 subieci.
1010 2531 1104 2596 Unde
1119 2530 1313 2615 praesidium

224 2650 257 2700 23
279 2633 443 2718 petieram,
474 2634 650 2717 periculum
688 2635 802 2704 extitit,
858 2635 961 2712 Quam
999 2634 1136 2699 feliciter
1173 2636 1206 2700 in
1243 2636 1313 2701 acie

276 2737 472 2817 occidissem,
507 2739 611 2822 potius
646 2739 747 2804 hostis
781 2739 903 2824 praeda
936 2759 1030 2820 quam
1064 2739 1142 2804 civis
1166 2739 1310 2805 victima!

276 2842 368 2906 Nunc
402 2849 548 2906 servatus
583 2864 623 2907 ex
656 2843 826 2928 periculis,
845 2863 927 2927 quae
958 2843 1028 2907 sola
1050 2841 1150 2923 timui,
1175 2842 1207 2906 in
1231 2843 1312 2908 haec

223 2963 256 3011 24
274 2945 381 3026 incidi,
406 2966 487 3027 quae
509 2946 622 3011 timere
644 2967 707 3011 non
731 2947 836 3012 debui.
883 2947 999 3012 Soletis
1023 2945 1231 3011 identidema
1250 2968 1309 3028 me,

275 3048 402 3133 milites,
436 3055 554 3134 petere,
578 3058 613 3115 ut
637 3052 732 3116 saluti
756 3071 848 3116 meae
870 3072 1010 3136 parcam.
1034 3051 1101 3135 lpsi
1124 3049 1201 3115 milri
1225 3072 1311 3134 prae-

275 3161 359 3217 stare
393 3154 538 3237 potestis,
573 3154 657 3237 quod
692 3154 833 3220 suadetis
867 3162 902 3219 ut
935 3154 1060 3219 faciam.
1107 3153 1158 3217 Ad
1187 3161 1310 3219 vestras

273 3276 394 3338 manus,
427 3257 468 3321 ad
498 3265 605 3322 vestra
635 3280 723 3322 arma
754 3258 919 3341 confugio:
950 3257 1058 3323 invitis
1088 3257 1180 3323 robis
1204 3257 1310 3324 salvus

274 3381 345 3426 esse
368 3363 459 3428 nolo:
482 3362 662 3427 volentibus
685 3383 749 3427 non
772 3382 910 3446 possum,
936 3363 998 3428 nisi
1021 3362 1186 3431 vindicor'.

221 3483 255 3535 25
376 3466 458 3530 [lum
488 3465 635 3530 Philotan
664 3467 808 3550 religatis
830 3474 902 3551 post
932 3474 1058 3550 tergum
1080 3466 1228 3532 manibus
1251 3469 1308 3532 ob·
1319 3469 1363 3540 35

274 3569 374 3634 soleto
397 3570 535 3634 amiculo
557 3571 698 3635 relatum
721 3571 812 3636 iussit
834 3571 952 3637 induci.
999 3571 1109 3636 Facile
1124 3570 1309 3654 adparebat,

273 3680 375 3738 motos
398 3693 469 3739 esse
491 3681 557 3739 tam
579 3675 753 3740 miserabili
776 3675 887 3740 habitu
903 3695 966 3739 non
986 3676 1054 3741 sine
1069 3674 1190 3740 invidia
1214 3676 1310 3760 paulo

221 3798 254 3847 ac
273 3785 349 3842 ante
372 3769 544 3863 conspecti.
592 3779 716 3844 Ducem
739 3779 899 3861 equitatus
923 3779 1024 3864 pridie
1047 3779 1204 3858 viderant,
1228 3779 1308 3845 soie-

272 3880 349 3947 bant
381 3881 467 3963 regis
500 3881 684 3946 interfuisse
708 3881 870 3946 convivio:
902 3889 1035 3966 repente
1057 3902 1146 3946 reum
1169 3881 1306 3964 quidem,
