3028 4322
416 241 667 296 HISTORIARUM
685 239 900 294 ALEXANDRI
918 240 957 292 lll
975 242 999 292 5.
1019 242 1043 293 6.
1212 238 1252 302 13

214 452 360 519 evenisse
383 450 552 520 videatur?
596 450 753 514 Damnem
784 447 899 514 mediol
930 445 1050 513 fidem?
1095 445 1129 509 in
1151 447 1253 511 teber-

214 555 329 621 naeulo
359 575 434 638 ergo
464 575 515 619 me
545 552 685 638 opprimi·
709 551 835 638 patiar?
880 551 923 616 At
945 550 1044 616 satius
1068 556 1125 631 est,
1148 550 1252 616 alieno

213 681 267 725 me
299 659 379 724 mori
413 659 534 724 scelere
567 676 661 739 quam
693 663 780 722 metu
812 658 940 722 nostro?
986 655 1050 720 Diu
1083 655 1187 719 animo
1220 655 1287 719 inr

214 763 342 829 diversa
381 759 506 828 versato
542 761 631 843 nulli,
674 760 748 842 quid
788 759 940 845 seriptum
977 765 1071 840 esset,
1110 759 1254 824 enuntiat

213 866 458 952 epistolamque,
482 865 588 950 sigillo
610 865 696 931 anuli
720 865 769 932 sui
791 865 956 950 impresso,
972 863 1113 949 pulvino,
1137 865 1187 928 oui
1210 865 1254 928 in·

159 972 202 1042 15
214 972 359 1052 cubabat,
395 971 538 1037 subiecit.
595 970 682 1036 Inter
719 969 777 1035 has
815 967 1025 1052 cogitationes
1065 967 1165 1033 biduo
1201 970 1289 1034 ab-8

221 1083 346 1161 sumpto
376 1076 480 1140 illuxit
512 1097 531 1140 a
564 1074 687 1140 medieo
717 1074 892 1140 destinatus
922 1070 1000 1156 dies,
1037 1081 1068 1140 et
1097 1073 1152 1139 ille
1182 1093 1254 1138 eum

218 1182 342 1266 pooulo,
376 1181 410 1246 in
440 1200 502 1264 quo
532 1179 797 1246 medicamentum
826 1178 969 1261 diluerat,
1000 1179 1135 1244 intravit.
1183 1177 1289 1254 Quos

214 1285 283 1350 viso
320 1283 504 1350 Alexander
537 1285 641 1350 levato
675 1304 808 1369 eorpore
841 1283 873 1348 in
892 1282 1001 1364 eubili,
1037 1283 1204 1369 epistolam
1235 1304 1254 1347 a

218 1389 427 1454 Parmenione
459 1387 588 1453 missam
622 1387 749 1454 sinistra
782 1408 878 1453 manu
910 1393 1032 1469 tenens,
1056 1387 1172 1471 aeeipit
1202 1408 1256 1471 po·

177 1530 181 1536 -
217 1493 322 1557 culum
352 1499 394 1558 et*
413 1492 518 1558 haurit
547 1491 725 1557 interritus:
756 1499 824 1556 tum
854 1490 1021 1577 epistolam
1050 1491 1160 1575 legere
1183 1489 1257 1555 Phi-

219 1596 343 1681 lippum
366 1595 453 1662 iubet
483 1616 541 1661 neo
564 1618 584 1660 a
605 1596 694 1661 vultu
724 1595 862 1678 legentis
892 1595 993 1661 movit
1022 1596 1138 1676 oeulos,
1158 1602 1255 1676 natue,

219 1699 341 1781 aliquas
364 1699 576 1765 eonscientiae
605 1706 696 1764 notas
725 1699 759 1763 in
788 1699 859 1785 ipso
889 1719 944 1764 ore
966 1719 1060 1784 posse
1083 1699 1258 1785 deprehen-

221 1804 306 1870 dere.
362 1804 422 1870 Ille
456 1803 589 1888 epistola
621 1804 761 1889 perlecta
794 1804 865 1888 plus
899 1799 1126 1888 indignationis
1160 1822 1255 1885 quam
1276 1815 1309 1864 10

218 1908 349 1993 pavoris
383 1907 519 1974 ostendit
552 1907 765 1993 proiectisque
801 1908 937 1974 amieulo
971 1915 1003 1974 et
1036 1909 1150 1973 litteris
1182 1914 1256 1972 ante

223 2012 350 2092 lentum,
390 2012 490 2093 ‘Rex’,
525 2011 636 2095 inquit,
670 2013 809 2096 ‘semper
842 2010 970 2094 quidem
1004 2011 1133 2097 spiritus
1167 2031 1256 2077 meus

219 2136 260 2181 ex
289 2123 322 2181 te
351 2114 512 2201 pependit,
548 2115 605 2181 sed
638 2135 722 2181 nune
750 2137 826 2182 rere
857 2115 1003 2182 arbitror·
1023 2137 1112 2182 sauro
1143 2123 1174 2182 et
1204 2136 1257 2182 ve-

217 2219 349 2284 nerabili
382 2239 436 2284 ore
469 2219 552 2284 trahi
584 2225 648 2284 tuo.
695 2218 821 2285 Orimen
854 2219 1023 2303 parricidii,
1059 2221 1144 2301 quod
1177 2218 1305 2283 mihin

220 2323 379 2388 obiectum
410 2329 467 2404 est,
501 2329 555 2387 tua
589 2323 674 2388 salus
704 2323 821 2389 diluet:
857 2330 1001 2389 servatus
1031 2345 1050 2388 a
1080 2345 1131 2388 me
1161 2324 1257 2389 vitam

219 2425 299 2490 mihi
322 2424 457 2492 dederis.
504 2425 566 2491 Oro
590 2444 782 2510 quaesoque,
814 2427 930 2493 omisso
953 2435 1038 2493 metu
1062 2434 1172 2513 patere
1194 2449 1258 2493 me-

184 2517 190 2524 *
219 2529 430 2596 dieamentum
466 2531 592 2615 oonoipi
635 2532 742 2598 venis:
787 2532 859 2597 laxa
903 2532 1064 2617 paulisper
1108 2533 1255 2611 animum,

222 2655 317 2716 quem
338 2635 561 2719 intempestiva
583 2635 796 2701 sollieitudine
825 2635 919 2700 amici
949 2657 1025 2702 sane
1047 2635 1168 2719 fideles,
1201 2635 1259 2702 sed

221 2739 354 2804 moleste
377 2738 479 2804 seduli
501 2740 646 2804 turbant?
693 2740 766 2804 Non
790 2760 935 2805 seeurum
965 2740 1059 2806 modo
1082 2740 1162 2805 haeo
1185 2759 1256 2822 vox,
1278 2754 1309 2802 12

219 2842 397 2908 sedetiam
427 2844 545 2909 laetum
574 2863 685 2927 regem
713 2865 751 2909 ao
781 2845 910 2928 plenum
939 2845 1041 2910 bonae
1072 2845 1140 2929 spei
1171 2845 1256 2911 feeit.

220 2947 343 3031 ltaque,
392 2947 440 3012 ‘Si
477 2947 536 3028 di',
574 2947 684 3030 inquit,
720 2947 890 3033 ‘Philippa
933 2947 990 3013 tibi
1028 2949 1255 3033 permisissent,

220 3070 282 3133 quo
304 3052 442 3117 maxime
465 3051 560 3118 modo
583 3053 692 3134 velles,
723 3052 863 3117 animum
886 3053 1026 3137 experiri
1048 3073 1163 3134 meum,
1195 3053 1258 3118 alio

219 3155 363 3240 profesto
396 3155 561 3238 voluisses,
594 3155 651 3222 sed
681 3157 814 3223 eertiore
846 3177 941 3239 quarn
969 3164 1118 3241 expertus
1150 3177 1184 3221 es
1217 3178 1258 3222 ne

218 3267 361 3345 optasses
395 3260 534 3343 quidem.
579 3260 649 3325 Hae
685 3261 819 3346 epistola
853 3267 995 3346 aooepta,
1018 3268 1133 3341 tamen,
1174 3261 1259 3342 quod
1279 3273 1311 3322 13

218 3362 364 3444 dilueres,
396 3363 479 3428 bibi:
511 3371 543 3429 et
573 3383 657 3429 nuno
688 3363 793 3445 erede,
824 3386 876 3430 me
907 3385 972 3429 non
996 3364 1100 3430 minus
1123 3385 1181 3449 pro
1203 3371 1259 3429 tua

217 3467 280 3534 fide
303 3489 397 3551 quam
420 3488 477 3552 pro
509 3489 579 3533 mea
610 3470 710 3533 salute
741 3489 812 3534 esse
843 3468 1035 3534 sollicitum?
1082 3469 1172 3533 Haeo
1198 3469 1261 3534 elo-

65 3597 69 3609 ’
168 3571 205 3641 16
218 3578 309 3638 eutus
332 3571 477 3638 dextram
500 3571 651 3658 Philippo
674 3572 774 3638 offert
821 3571 969 3639 Ceterum
998 3579 1085 3639 tanta
1115 3573 1163 3638 vis
1196 3594 1259 3638 me·
1280 3585 1312 3634 14

222 3675 393 3742 dieamenti
430 3677 498 3758 fuit,
536 3683 579 3759 ut,
623 3697 705 3758 quae
743 3684 852 3743 secuta
891 3685 972 3759 sunt,
1012 3678 1261 3742 criminationem

222 3780 437 3846 Parmenionis
467 3779 662 3846 adiuverint:
697 3778 887 3848 interclusus
922 3781 1049 3867 spiritus
1081 3788 1149 3846 arte
1178 3801 1261 3846 mea-

221 3883 284 3948 bat.
330 3883 399 3950 Nee
428 3882 595 3969 Philippus
626 3883 794 3965 quiequam
825 3883 1024 3970 inexpertum
1055 3883 1176 3949 omisit:
1206 3884 1260 3948 ille
