3040 4318
310 263 316 276 ,
410 215 661 272 HISTORIARUM
679 218 894 271 ALEXANDRI
913 218 949 269 Vl
968 219 992 269 8.
1011 219 1034 268 9.
1186 214 1244 278 l5l

211 422 375 504 detulerat,
415 433 585 509 exponunt.
639 424 763 490 Nullius
801 445 909 489 eorum
946 421 1065 487 indicio
1104 421 1248 488 Philotas

210 535 244 591 ut
266 529 428 614 particeps
458 529 589 594 sceleris
619 529 847 594 destinabatur.
895 529 1006 610 ltaque
1028 527 1249 610 indignatione

211 652 364 716 expressa
387 655 449 698 vox
473 635 599 699 silentio
623 641 758 718 excepta
788 640 845 698 est.
892 633 974 696 Tum
1003 653 1068 713 rex,
1097 631 1247 711 ‘Qualis’,
1286 643 1302 692 8

211 737 320 819 inquit,
341 741 431 822 ‘ergo
454 737 551 805 animi
573 740 664 806 vobis
687 740 821 819 videtur,
846 739 900 820 qui
923 737 1018 802 buius
1040 738 1086 802 rei
1110 737 1251 802 delatum

200 840 363 913 ,indicium
385 843 428 908 ad
450 844 554 928 ipsum
577 843 778 928 suppressit?
818 842 911 920 Quod
933 862 996 906 non
1019 840 1119 906 fuisse
1134 862 1251 906 vanum
1287 849 1303 900 9

212 946 332 1029 Dymni
356 948 459 1012 exitus
483 948 634 1013 declarat.
673 948 832 1012 Incertam
848 969 915 1012 rem
931 945 1079 1012 deferens
1094 953 1253 1011 tormenta

212 1070 274 1114 non
309 1051 413 1116 timuit
448 1052 628 1133 Cebalinus
665 1052 791 1116 Metron
823 1061 864 1116 'ne
897 1059 1090 1116 momentum
1125 1051 1252 1132 quidem
1279 1105 1281 1108 .

212 1155 363 1239 temporis
388 1155 511 1220 distulit
541 1176 717 1222 exonerare
740 1177 783 1236 se,
815 1163 850 1221 ut
880 1176 926 1235 co,
958 1155 1013 1219 ubi
1043 1154 1184 1234 lavabar,
1215 1153 1253 1216 ir·

213 1266 390 1342 rumperet:
429 1260 572 1326 Philotas
607 1261 697 1326 solus
721 1259 801 1326 nihil
834 1259 946 1339 timuit,
985 1258 1064 1323 nihil
1098 1257 1254 1322 eredidit!

214 1359 240 1426 Ο
278 1363 387 1446 magni
420 1365 517 1428 animi
550 1365 670 1430 virum!
715 1365 780 1429 Iste
815 1364 901 1446 regis
939 1363 1082 1448 periculo
1120 1380 1254 1428 eommo-
1275 1377 1308 1425 10

213 1473 350 1546 veretur,
386 1468 509 1533 vultum
540 1476 685 1550 mutaret,
717 1467 856 1533 indicem
886 1475 993 1536 tantae
1024 1467 1070 1532 rei
1100 1467 1255 1532 sollicitus

214 1570 353 1636 audiret!
401 1571 518 1638 Subest
541 1574 688 1639 nimirum
711 1573 837 1639 silentio
860 1573 992 1652 facinus,
1018 1579 1049 1636 et
1071 1571 1166 1637 avida
1182 1591 1256 1655 spes
1277 1583 1308 1633 11

214 1675 304 1758 regni
337 1677 544 1761 praeeipitem
578 1678 719 1743 animum
752 1677 796 1742 ad
829 1677 972 1741 ultimum
1005 1677 1096 1740 nefas
1121 1675 1256 1760 impulit.

215 1779 310 1844 Pater
327 1781 454 1848 Mediae
477 1790 619 1866 praeest:
643 1783 722 1866 ipse,
736 1782 823 1866 apud
845 1782 962 1846 multos
979 1781 1143 1865 copiarum
1159 1780 1257 1844 duces

214 1883 321 1950 nimiis
350 1895 541 1971 praepotens
574 1888 705 1968 viribus,
734 1888 855 1952 maiora
892 1906 988 1968 quam
1026 1886 1112 1969 capit
1149 1885 1257 1969 spirat·

217 1987 343 2055 Orbitas
368 2012 495 2073 quoque
517 2013 596 2073 mea,
630 1992 716 2075 qnod
740 1993 808 2057 sine
838 1992 946 2056 liberis
977 2011 1058 2072 sum,
1089 1990 1256 2076 spernitur.
1279 1997 1311 2048 12

217 2093 283 2158 Sed
317 2103 401 2160 errat
432 2096 585 2161 Philotas.
632 2098 669 2160 In
704 2097 796 2161 vobis
831 2096 957 2177 liberos,
994 2102 1152 2180 parentes,
1189 2114 1260 2158 oon·
1344 2118 1346 2122 ·

218 2199 413 2282 sanguineos
436 2200 560 2265 babeo:
584 2201 675 2267 vobis
699 2200 797 2266 salvis
821 2203 918 2266 orbus
942 2220 1014 2265 esse
1032 2221 1096 2264 non
1112 2199 1260 2283 possum'.

165 2289 210 2360 34
326 2303 504 2387 Epistulam
535 2304 652 2370 deinde
674 2305 892 2370 Parmenionis
922 2305 1139 2388 interceptam,
1165 2324 1260 2385 quam
1280 2307 1312 2358 13

219 2405 262 2471 ad
285 2405 366 2472 filios
389 2408 580 2472 Nicanorem
600 2416 632 2474 et
650 2409 801 2474 Philotan
824 2409 1002 2493 scripserat,
1027 2408 1149 2488 recitat,
1172 2405 1262 2472 haud

220 2531 298 2576 sane
321 2510 473 2576 indicium
496 2513 653 2594 gravioris
677 2513 801 2578 consilii
827 2512 1068 2596 praeferentem.
1113 2512 1260 2593 Namque
1282 2514 1313 2563 14

221 2636 346 2680 summa
375 2616 444 2680 eius
475 2616 556 2681 haee
586 2625 671 2682 erat:
703 2617 858 2682 ‘Primum
891 2618 988 2682 vestri
1023 2638 1132 2681 curam
1166 2616 1261 2699 agite,

222 2719 337 2785 deinde
350 2727 542 2785 vestrorum:
560 2721 605 2786 sio
618 2722 711 2802 enim,
721 2742 803 2803 quae
816 2720 1053 2802 destinavimus,
1067 2719 1260 2786 efficiemus'.

177 2887 179 2892 .
223 2823 411 2905 Adiecitque
445 2845 502 2889 rex
547 2825 593 2890 sic
628 2846 699 2890 esse
733 2825 892 2910 scriptam,
928 2833 971 2909 nt,
1005 2826 1072 2890 sive
1105 2825 1148 2888 ad
1180 2825 1262 2888 filios
1283 2826 1314 2875 15

223 2929 432 3012 pervenisset,
463 2929 641 2994 aconsciis
664 2937 772 3013 posset
802 2930 956 3012 intellegi,
989 2929 1057 2995 sive
1087 2929 1264 3011 intercepta

224 3040 317 3114 esset,
341 3033 468 3098 falleret
489 3033 629 3116 ignaros.
672 3033 728 3097 ‘At
751 3033 834 3097 enim
857 3034 1012 3116 Dymnus,
1045 3053 1117 3097 cum
1141 3039 1263 3096 ceteros
1284 3033 1315 3083 16

224 3137 395 3220 participes
430 3137 561 3202 sceleris
594 3136 759 3218 indicaret,
794 3137 946 3202 Philotan
977 3157 1041 3200 non
1071 3135 1263 3200 nominavit!

225 3240 296 3305 Hoc
327 3240 455 3323 quidem
485 3241 570 3305 illius
600 3261 666 3306 non
695 3241 906 3320 innocentiae,
941 3239 999 3306 sed
1029 3239 1191 3324 potentiae
1220 3239 1264 3303 in-

226 3344 343 3409 dicium
374 3352 430 3426 est,
463 3344 546 3427 quod
578 3345 624 3409 sic
654 3346 695 3410 ab
725 3345 764 3409 iis
797 3345 925 3410 timetur
959 3344 1065 3426 etiam,
1100 3365 1120 3408 a
1150 3343 1264 3425 quibus

226 3449 318 3533 prodi
351 3455 464 3533 potest,
499 3456 542 3529 ut,
579 3469 653 3512 oum
687 3449 727 3513 de
762 3469 796 3513 se
830 3449 1000 3528 fateantur,
1034 3448 1125 3511 illum
1158 3453 1265 3510 tamen

228 3553 341 3618 celent.
400 3552 549 3618 Ceterum
587 3553 737 3618 Philotan
774 3553 875 3636 ipsius
912 3552 1032 3616 indicat
1069 3552 1144 3615 vita.
1201 3551 1262 3614 Hic
1284 3561 1315 3610 17

229 3657 396 3740 Amyntac,
429 3657 484 3738 qui
513 3656 592 3721 mihi
623 3657 831 3722 consobrinus
862 3656 922 3720 fuit
952 3663 983 3721 et
1013 3655 1047 3718 in
1078 3653 1266 3718 Macedonia

229 3761 326 3845 capiti
360 3781 431 3825 meo
464 3761 579 3844 impias
610 3759 808 3843 comparavit
837 3759 979 3840 insidias,
1012 3758 1133 3822 socium
1167 3777 1201 3821 se
1235 3764 1267 3820 et

230 3864 391 3929 conscium
429 3863 581 3928 adiunxit.
638 3862 699 3926 Hic
722 3861 854 3942 Attalo,
894 3881 956 3943 quo
993 3860 1174 3943 graviorem
1211 3859 1267 3922 ini·
1364 3864 1367 3868 ’
