3040 4318
420 206 672 263 HISTORIARUM
690 205 904 262 ALEXANDRI
922 207 946 260 V
967 211 1006 262 10.
1027 212 1067 262 ll.
1203 209 1264 272 115

224 435 300 478 cum
317 415 498 479 Bactrianis
528 413 683 479 militibus
717 413 750 478 in
781 414 940 479 vestibulo
970 415 1122 499 praetorii
1144 415 1265 496 aderat,

145 557 147 560 -
223 517 349 581 titulum
372 517 537 582 sollemnis
560 515 659 582 officii
688 518 815 582 occulto
839 514 955 582 sceleri
977 518 1207 602 praeferentes,
1238 531 1266 583 et

223 622 349 686 Dareus
380 623 475 703 signo
505 621 548 686 ad
579 621 718 686 eundum
751 621 827 687 dato
858 642 984 688 currum
1013 624 1148 708 pristino
1178 645 1265 690 more

223 725 418 791 conscendit.
473 727 681 791 Nabarzanes
715 726 874 809 ceterique
907 727 1087 812 parricidae
1121 749 1264 813 procum·
1284 740 1316 790 13

223 829 338 894 bentes
358 830 458 909 humi,
482 851 579 913 quem·
598 831 695 915 paulo
718 837 791 915 post
807 830 841 894 in
856 830 992 896 vinculis
1008 831 1148 896 habituri
1164 839 1264 916 crant,

224 932 404 998 sustinuere
427 933 584 1015 venerari,
609 933 757 998 lacrimas
781 933 876 998 ctiam
899 935 1117 1018 paenitentiae
1141 935 1263 1001 indices

193 1041 194 1044 ’
222 1036 448 1120 profuderunt:
483 1038 565 1103 adeo
599 1037 749 1103 humanis
783 1038 924 1121 ingeniis
958 1046 1071 1123 parata
1105 1040 1263 1104 simulatio

223 1148 282 1205 cst.
328 1141 444 1206 Preces
467 1141 583 1207 deinde
599 1141 786 1227 suppliciter
808 1142 956 1208 admotae
973 1143 1123 1225 Dareum,
1148 1151 1263 1209 natura
1283 1156 1314 1206 14

223 1245 400 1329 simplicem
423 1253 454 1310 et
487 1247 603 1327 mitem,
637 1267 700 1311 non
725 1247 856 1311 credere
885 1247 989 1328 modo,
1023 1268 1104 1330 quac
1127 1248 1262 1312 affirma·

222 1351 307 1430 bant,
339 1350 398 1415 sed
426 1349 503 1414 flere
534 1351 630 1415 etiam
661 1357 843 1433 coegerunt.
891 1352 939 1416 Ac
970 1373 1016 1420 ne,
1041 1359 1107 1416 t'um
1133 1352 1262 1435 quidem
1282 1365 1314 1415 11

223 1455 359 1536 cogitati
389 1455 521 1520 sceleris
552 1455 717 1540 paenituit,
750 1476 821 1520 cum
845 1457 1049 1537 intuerentur,
1080 1457 1262 1538 qualcmet

221 1579 331 1641 regem
362 1567 393 1624 ct
423 1559 526 1624 virum
556 1558 715 1624 fallerent.
760 1560 821 1624 Ille
853 1561 990 1642 quidem,
1021 1581 1151 1626 securus
1181 1561 1263 1646 peri-

222 1662 295 1743 culi,
320 1663 405 1745 qucd
420 1663 571 1744 instabat,
588 1662 764 1728 Alexandri
780 1683 904 1745 manus,
922 1684 1001 1747 quas
1017 1664 1103 1730 solas
1120 1666 1261 1749 timebat,

221 1767 364 1849 effugere
388 1767 587 1851 properabat.

679 1946 744 1997 011.
764 1945 810 1996 Xl.
891 1987 896 1996 .

171 2089 215 2160 30
328 2081 446 2146 Patron
468 2088 584 2162 autem,
615 2084 809 2148 Graecorum
832 2083 905 2164 dux,
937 2083 1093 2167 praecipit
1117 2084 1192 2165 suis,
1226 2091 1292 2147 111

219 2207 320 2267 arma,
346 2205 428 2268 quae
452 2185 484 2250 in
507 2187 642 2251 sarcinis
664 2195 760 2252 antea
782 2188 975 2267 ferebantur,
1007 2187 1183 2268 induerent,
1216 2187 1259 2252 ad

218 2311 311 2354 omne
336 2290 508 2375 imperium
539 2311 630 2355 suum
660 2291 765 2376 parati
796 2298 827 2356 11
856 2288 978 2356 1111111.
1025 2291 1101 2375 Ipse
1132 2308 1293 2356 currum2

218 2395 306 2476 regis
338 2394 539 2476 sequebatur,
571 2391 735 2460 occasioni
765 2395 932 2460 imminens
962 2394 1145 2477 alloquendi
1160 2411 1258 2474 cum,
1301 2444 1303 2448 -

218 2499 338 2584 quippe
376 2499 470 2564 Bessi
507 2499 634 2564 facinus
671 2507 905 2585 praesenserat.
966 2499 1031 2564 Sed
1068 2501 1187 2565 Bessus
1224 2501 1259 2565 id

217 2604 321 2687 ipsum
344 2610 498 2684 metuens,
525 2611 633 2669 custos
655 2605 763 2670 verius
786 2625 881 2686 quam
903 2622 1020 2683 comes,
1045 2625 1065 2668 a
1085 2623 1179 2669 curru
1194 2625 1257 2669 non

217 2709 398 2774 recedebat.
461 2711 526 2775 Diu
568 2731 645 2794 ergo
683 2711 801 2776 Patron
846 2717 1014 2776 cunctatus
1051 2731 1090 2774 ao
1127 2711 1291 2794 saepius3

217 2833 363 2878 sermone
393 2823 571 2896 revocatus,
605 2815 687 2879 inter
711 2814 812 2880 ‘fidem
841 2814 1050 2896 timoremque
1079 2814 1255 2896 haesitans,

216 2937 325 3000 regem
362 2917 554 2982 intuebatur.
618 2919 679 2996 Qui
716 2924 752 2983 ut
788 2917 916 2984 tandem
961 2918 1098 2984 advertit
1135 2919 1291 2999 oculose

216 3021 370 3086 Bubacen
393 3021 579 3107 spadonem,
611 3022 694 3088 inter
716 3022 879 3107 proximos
902 3042 1027 3087 currum
1058 3027 1254 3104 sequentem,

216 3127 397 3210 percontari
421 3127 518 3212 iubet,
552 3127 706 3210 numquid
727 3127 791 3212 ipsi
813 3127 892 3192 velit
916 3127 1033 3192 dicere.
1079 3127 1197 3192 Patron
1220 3148 1255 3193 sc

214 3251 300 3313 vero,
338 3231 396 3296 sed
418 3231 550 3296 remotis
572 3231 700 3297 arbitris
723 3232 808 3314 loqui
829 3231 914 3298 velle
936 3251 1007 3296 cum
1031 3251 1069 3296 co
1091 3232 1255 3316 respondit

214 3333 383 3417 iussusque
406 3335 538 3420 propius
561 3336 717 3401 accedere
740 3335 809 3400 sine
831 3335 1062 3421 interprete-
1080 3335 1255 3400 namhaud

214 3438 304 3504 rudis
334 3440 482 3506 Graecae
511 3441 643 3524 linguae
673 3441 799 3505 Dareus
834 3446 901 3505 erat
932 3478 973 3487 —
999 3440 1106 3518 ‘Rex’,
1141 3439 1289 3522 inquit,5

209 3545 263 3606 ‘cx
296 3553 319 3605 L
355 3543 484 3608 milibus
522 3544 716 3610 Graecorum
757 3545 963 3628 supersumus
1001 3542 1107 3628 pauci,
1152 3543 1254 3608 omnis

213 3647 361 3713 fortunae
383 3654 458 3713 tuac
490 3647 623 3713 comites
655 3655 686 3712 ct
716 3649 749 3712 in
779 3647 842 3714 hcc
872 3654 926 3712 tuo
956 3653 1042 3712 statu
1071 3646 1168 3727 idem,
1200 3647 1254 3730 qui

213 3749 346 3816 florente
361 3758 394 3816 tc
409 3749 539 3832 fuimus,
558 3771 773 3834 quascumque
788 3759 890 3816 terras
907 3751 1053 3834 elegeris,
1075 3772 1133 3834 pro
1149 3751 1253 3836 patria

213 3863 245 3920 et
268 3855 451 3920 domesticis
474 3857 570 3920 rebus
592 3855 731 3941 petituri.
771 3855 938 3921 Secundae
961 3855 1180 3936 adversaeque
1202 3873 1254 3918 res
1272 3867 1288 3916 6

1114 3977 1146 4028 8*
