2976 4322
230 257 481 312 HISTORIARUM
499 256 714 310 ALEXANDRI
733 256 798 309 VIII
816 258 840 310 8.
860 260 884 310 9.
1015 254 1077 318 221

97 484 167 529 mos
189 483 295 528 omnes
318 483 383 542 eoo,
414 462 446 526 in
470 482 532 544 quo
556 461 694 528 fuerunt.
740 463 824 528 Nam
853 469 943 527 tuum
984 460 1079 525 Calli·
1100 476 1131 527 19

97 590 183 649 enen,
202 567 251 634 cui
274 567 329 632 uni
348 568 397 632 vir
419 566 550 646 videris,
574 567 649 650 quia
670 567 752 633 latro
776 567 915 648 esseio,
940 587 996 632 cur
1011 586 1082 650 pro-

97 673 119 738 ci
147 671 239 738 velis:
274 679 310 737 ut
347 693 455 737 coram
489 671 539 737 his
560 672 697 757 probra,
733 693 814 754 quae
844 673 877 737 in
906 692 957 736 me
986 669 1082 735 modo

97 777 157 856 isti,
176 777 259 842 illius
275 796 414 860 quoque,
434 775 520 841 unde
542 776 671 860 audisti,
688 797 743 841 ore
757 775 945 841 reserantur.
971 775 1082 855 Quem,

100 881 223 946 Macedo
254 888 349 966 esset,
380 888 489 946 tecum
518 881 775 961 introduxissem,
808 875 1030 964 dignissimum
1052 885 1084 943 te

97 986 200 1071 :cipuio
222 986 429 1068 magistrum:
453 1005 538 1050 nunc
554 985 707 1070 Olynthio
726 1006 791 1050 non
813 985 899 1050 idem
913 983 991 1050 iuris
1014 982 1083 1048 est?

157 1091 230 1155 Post
248 1088 330 1154 haec
349 1085 516 1155 consilium
539 1089 659 1154 dimisit
678 1088 824 1173 tradique
844 1088 1011 1154 damnatos
1033 1087 1087 1151 ho·
1106 1101 1140 1151 22

98 1195 195 1274 22222,
212 1193 265 1276 qui
281 1213 322 1258 cx
345 1193 459 1258 eadem
475 1193 606 1260 cohorte
623 1201 720 1275 erant,
736 1193 838 1259 iussit.
863 1193 927 1275 Illi,
943 1199 978 1257 ut
992 1191 1087 1256 fidem

97 1321 143 1363 am
165 1297 297 1364 saevitia
318 1298 389 1381 regi
410 1299 634 1382 approbarent,
662 1297 860 1363 excruciatos
882 1303 1085 1362 necaverunt.

97 1403 259 1468 ‚llisthenes
283 1421 409 1485 quoque
432 1409 533 1468 tortus
556 1402 684 1484 interiit,
708 1402 778 1467 initi
801 1402 924 1468 consilii
944 1402 976 1466 in
992 1407 1088 1486 caput
1106 1413 1138 1464 22

97 1508 138 1590 gis
160 1507 317 1586 innoxius,
341 1506 398 1572 scd
420 1506 668 1590 haudquaquam
690 1507 784 1572 aulae
807 1513 839 1571 et
860 1506 1089 1572 assentantium

97 1611 308 1677 commodatus
330 1611 469 1694 ingenio.
516 1612 629 1694 Itaque
652 1611 770 1678 nullius
797 1611 913 1676 caedes
936 1611 1089 1675 maiorem
1108 1623 1141 1672 22

97 1715 140 1779 ud
162 1715 300 1780 Graecos
323 1713 505 1780 Alexandro
529 1715 681 1780 excitavit
703 1715 866 1796 invidiam,
895 1714 981 1798 quod
1002 1735 1092 1800 prac-

97 1843 153 1885 um
176 1818 302 1904 optimis
332 1815 473 1885 moribus
503 1819 696 1903 artibusque,
728 1840 748 1883 2
771 1839 834 1903 quo
857 1826 1027 1885 revocatus
1049 1820 1091 1883 ad

97 1931 250 2004 emerat,
274 1943 346 1989 cum
368 1923 535 1989 interfecto
560 1924 642 1990 Clito
665 1923 746 1989 mori
768 1931 996 2008 perseveraret,
1028 1944 1091 1988 non

97 2036 175 2093 rtum
192 2027 351 2109 occiderit,
367 2027 426 2094 sed
441 2027 537 2093 etiam
552 2028 689 2109 torserit,
705 2027 826 2093 indicta
842 2027 970 2110 quidem
986 2047 1091 2092 causa.

97 2155 157 2198 ram
180 2132 404 2198 crudelitatem
428 2152 500 2197 sera
522 2132 717 2217 paenitentia
739 2139 910 2198 consecuta
933 2140 989 2198 est.
1109 2144 1143 2194 23

515 2326 580 2378 Gan.
600 2325 645 2378 IX.

161 2446 228 2512 Sed
258 2467 298 2511 ne
329 2445 437 2526 otium,
459 2445 603 2512 serendis
633 2446 812 2511 rumoribus
846 2452 965 2528 natum,
988 2445 1130 2524 aleret,1

123 2550 251 2615 Indiam
284 2549 392 2631 movit,
428 2570 553 2634 semper
585 2549 670 2615 bello
705 2569 800 2633 quam
833 2557 905 2634 post
934 2548 1099 2614 victoriam

103 2655 181 2719 rior.
231 2653 326 2718 India
354 2659 422 2718 tota
451 2653 552 2718 ferme
583 2661 706 2739 spectat
736 2653 899 2733 orientem,
933 2651 1037 2718 minus
1067 2653 1134 2717 222

103 2759 260 2824 itudinem
283 2779 379 2840 quam
401 2765 488 2824 recta
509 2758 640 2842 regione
664 2758 815 2844 spatiosa.
852 2757 943 2835 Quae
958 2764 1101 2823 austrum
1120 2770 1136 2820 3

104 2863 228 2949 cipiunt,
264 2862 298 2926 in
332 2863 427 2928 altius
461 2870 564 2928 222222
599 2863 764 2946 fastigium
794 2862 971 2928 excedunt:
1005 2863 1103 2946 plana

105 2976 128 3032 rt
160 2975 271 3032 cetera
302 2968 472 3050 multisque
502 2968 621 3034 inclitis
651 2963 798 3033 amnibus
820 2967 965 3032 Caucaso
995 2973 1102 3031 monte

106 3074 131 3138 is
163 3070 330 3157 placidum
361 3093 418 3156 per
448 3093 576 3157 campos
607 3072 667 3136 iter
696 3072 857 3158 praebent.
904 3071 1003 3136 Indus
1027 3071 1138 3154 geli-4
1250 3066 1251 3071 ’

108 3183 202 3242 2222
235 3195 331 3258 qoam
361 3176 475 3242 ceteri:
505 3197 606 3260 aquas
636 3176 725 3242 vehit
755 3177 860 3241 colore
891 3176 987 3242 maris
1017 3176 1105 3241 haud

108 3281 193 3346 Itum
214 3279 432 3346 abhorrentes.
469 3280 607 3364 Ganges,
633 3282 773 3346 omnium
789 3282 829 3346 ab
845 3280 974 3346 Oriente
990 3278 1105 3345 fluvius
1124 3291 1139 3341 5

109 3385 209 3464 mius,
233 3384 277 3448 ad
299 3385 508 3450 meridianam
530 3386 695 3469 regionem
715 3385 855 3451 decurrit
871 3392 903 3450 et
918 3405 1106 3468 magnorum

110 3486 219 3554 otium
243 3487 322 3572 iuga
344 3495 432 3554 recto
455 3490 548 3554 alveo
580 3489 722 3573 stringit:
756 3489 830 3554 inde
861 3509 934 3554 eum
964 3489 1107 3554 obiectae

111 3613 155 3658 »es
192 3589 352 3658 inclinant
385 3593 427 3657 ad
462 3593 624 3659 orientem.
679 3594 777 3679 Alter,
811 3594 865 3677 qui
898 3594 993 3658 rubro
1027 3591 1142 3656 marie

113 3697 230 3782 ipitur,
265 3696 373 3777 Indus,
405 3697 492 3781 ripas
522 3699 701 3780 multasque
733 3699 862 3762 arbores
893 3717 965 3762 cum
991 3715 1109 3779 magna

113 3805 115 3866 1
141 3807 242 3885 parte
266 3800 408 3881 exorbet,
433 3800 520 3866 saxis
551 3821 677 3884 quoquc
700 3800 881 3886 impeditus,
906 3800 975 3883 quis
998 3801 1143 3869 crebro7
1255 3807 1258 3813 ’

114 3904 308 3970 erberatur:
332 3904 385 3969 ubi
406 3903 532 3970 mollius
549 3905 651 3971 solum
670 3904 820 3991 repperit,
835 3909 964 3986 stagnat
979 3903 1110 3969 insulas-

907 4026 955 4078 22*
