2970 4322
346 170 599 234 HISTORIARUM
616 171 832 226 ALEXANDRI
851 172 928 227 VIIII
945 174 971 227 8.
991 177 1020 228 9.·
1140 173 1204 239 273
1304 187 1305 192 ’

163 378 330 460 simusque,
348 373 485 443 bellator
507 383 539 443 et
560 377 649 462 pacis
672 377 795 443 artibus
818 398 914 460 quam
941 379 1074 446 militiae
1100 381 1205 446 maior

163 489 196 548 et
234 481 364 548 clarior:
399 481 524 547 modico
561 479 710 563 civilique
748 481 845 561 cultu,
880 481 1022 548 liberalis
1061 483 1204 569 inprimis

163 585 316 668 adituque
339 585 434 666 facili,
466 583 545 649 nihil
568 605 608 652 ex
631 585 716 650 fastu
744 586 853 669 regiae
883 595 1110 672 assumpserat.
1157 587 1206 653 Ob
1225 601 1259 651 24

162 690 244 755 haec
269 689 339 773 regi
362 711 403 755 an
425 689 632 774 popularibus
656 689 758 755 carior
781 696 874 771 esset,
906 689 1042 756 dubitari
1065 698 1204 777 poterat:

161 802 230 858 tum
260 800 344 858 corte
373 793 510 878 primum
546 799 694 878 expertus
729 814 858 860 suorum
891 795 1024 877 animos,
1057 796 1138 862 adeo
1172 803 1207 861 ut

163 897 331 978 fortunam,
355 897 388 961 in
405 918 500 979 quam
515 905 626 982 postea
641 898 795 979 ascendit,
819 897 852 962 in
870 897 925 962 illo
947 899 1088 984 periculo
1104 900 1206 967 Maee-

165 1001 268 1067 dones
291 1001 421 1066 ominati
444 1021 515 1066 esse
541 1000 717 1066 videantur.
764 1001 891 1086 Quippe
920 1023 984 1068 non
1014 1003 1115 1070 levior
1143 1004 1206 1070 illis
1225 1019 1257 1068 25

163 1104 341 1170 Ptolomaei
362 1105 422 1170 fuit
445 1125 521 1169 cura
544 1125 639 1187 quarn
660 1105 756 1188 regis.
804 1104 866 1182 Qui
889 1113 921 1170 et
942 1107 1064 1191 proelio
1087 1115 1119 1172 et
1146 1109 1205 1173 sol·

165 1207 329 1274 licitudine
351 1207 505 1291 fatigatus
528 1229 600 1274 oum
622 1209 807 1274 Ptolomaeo
834 1210 999 1294 assideret,
1022 1213 1149 1293 lectum,
1173 1212 1206 1277 in

164 1334 227 1396 quo
253 1313 322 1398 ipse
357 1313 584 1395 acquiesceret,
615 1313 708 1378 iussit
738 1313 857 1378 inferri.
915 1315 954 1378 In
984 1335 1079 1397 quem
1107 1323 1142 1380 ut
1172 1336 1207 1381 se
1225 1332 1258 1382 26

164 1417 298 1503 recepit,
328 1416 589 1503 protinusaltior
611 1416 773 1482 insecutus
800 1425 848 1483 est
875 1437 1012 1484 somnus.
1065 1419 1115 1483 Ex
1145 1439 1206 1501 quo

164 1521 322 1586 excitatus
345 1541 404 1606 per
426 1517 566 1603 quietem
592 1520 713 1586 vidisse
744 1541 779 1586 se
809 1523 940 1606 exponit
970 1522 1108 1608 speciem
1139 1522 1208 1587 dra-

165 1625 255 1691 conis
279 1612 426 1706 dblatam,
448 1624 582 1690 herbam
605 1625 737 1691 ferentis
760 1646 824 1707 ore,
856 1647 951 1709 quarn
972 1627 1086 1694 veneni
1109 1648 1207 1693 reme-

145 1779 146 1782 *
164 1729 251 1794 dium
269 1749 341 1795 esse
356 1735 580 1794 monstrasset:
606 1729 744 1794 colorem
760 1750 884 1812 quoque
900 1731 1019 1796 herbae
1037 1732 1205 1813 referebat,
1224 1749 1258 1798 27

163 1835 357 1916 agniturum,
396 1833 422 1898 si
461 1833 530 1916 quis
568 1833 781 1918 repperisset,
811 1834 983 1900 affirmans.
1038 1835 1205 1900 Inventam

164 1936 345 2004 deinde-
369 1937 489 2021 quippe
512 1957 532 2000 a
553 1936 660 2002 multis
684 1937 777 2002 simul
804 1945 871 2004 erat
900 1939 1053 2021 requisita
1074 1979 1117 1988 —
1139 1939 1205 2004 vul-

163 2041 232 2108 neri
244 2041 403 2126 imposuit,
415 2041 620 2126 protinusque
633 2040 741 2106 dolore
752 2042 840 2107 finito
856 2042 939 2107 intra
954 2043 1051 2109 breve
1067 2043 1204 2127 spatium

163 2147 293 2212 cicatrix
318 2165 442 2229 quoque
472 2135 612 2211 obducta
638 2153 695 2212 est.
734 2147 906 2234 xBarbaros
936 2154 970 2212 ut
1000 2147 1101 2232 prima
1129 2167 1203 2232 spes
1222 2161 1255 2213 28

165 2251 334 2331 fefellerat,
358 2250 501 2334 seipsos
524 2235 697 2333 urbemque
721 2249 921 2317 dediderunt.

107 2359 156 2431 34
273 2355 357 2420 Hinc
371 2353 405 2418 in
421 2354 597 2438 proximam
615 2361 744 2438 gentem
759 2355 916 2420 Pataliam
939 2360 1127 2440 perventum
1148 2361 1204 2420 est.

163 2459 232 2525 Rex
248 2466 316 2524 erat
331 2459 458 2540 Moeris,
483 2459 537 2542 qui
555 2459 633 2524 urbe
657 2459 783 2525 deserta
805 2459 838 2524 in
862 2465 984 2525 montes
1007 2459 1200 2544 profugerat.

162 2565 277 2646 Itaque
311 2562 494 2629 Alexander
527 2561 645 2648 oppido
678 2563 796 2648 potitur
829 2583 987 2648 agrosque
1024 2563 1201 2648 populatur.
1223 2580 1256 2631 29

163 2665 398 2752 Μαςηωὶῃᾶε
420 2666 559 2751 praedae
582 2673 672 2732 actae
699 2673 771 2732 sunt
801 2688 949 2752 pecorum
979 2674 1205 2733 armentorum-

164 2792 235 2854 que,
251 2791 369 2855 magna
384 2771 432 2837 vis
447 2779 573 2856 reperta
588 2771 747 2838 frumenti.
779 2772 921 2837 Ducibus
938 2771 1053 2836 deinde
1070 2771 1203 2856 sumptis
1223 2788 1257 2838 30

162 2875 264 2942 amnis
294 2875 406 2960 peritis
437 2875 570 2941 defluxit
599 2874 642 2940 ad
671 2875 806 2941 insulam
840 2875 947 2941 medio
980 2875 1079 2941 ferme
1109 2875 1203 2941 alveo

163 2986 299 3045 enatam.

614 3171 678 3226 cm.
697 3171 743 3226 IX.

268 3292 317 3357 Ibi
341 3291 459 3358 diutius
476 3293 647 3358 subsistere
663 3298 801 3372 coactus,
827 3292 901 3373 quia
923 3291 1023 3356 duces
1039 3291 1202 3356 socordius
1223 3309 1236 3357 1

163 3396 319 3462 asservati
345 3396 562 3481 profugerant,
585 3397 680 3476 misit,
705 3397 759 3477 qui
782 3390 1002 3479 conquirerent
1024 3396 1120 3460 alios:
1144 3416 1203 3461 nec

163 3501 296 3584 repertis
324 3501 473 3584 pervicax
507 3499 623 3585 cupido
657 3500 782 3565 visendi
805 3499 966 3565 Oceanum
1001 3499 1203 3581 adeundique

162 3604 313 3670 terminos
328 3605 438 3672 mundi
462 3605 530 3670 sine
552 3604 692 3687 regionis
715 3603 823 3689 peritis
839 3603 960 3668 flumini
982 3603 1091 3687 ignoto
1108 3609 1202 3687 caput

163 3721 254 3773 suurn
276 3715 385 3792 totque
415 3709 654 3774 fortissimorum
684 3708 823 3774 virorum
853 3709 987 3773 salutem
1017 3707 1200 3792 permittere

163 3813 325 3898 compulit.
349 3813 555 3896 Navigabant
570 3833 646 3895 ergo
663 3813 811 3891 omnium,
827 3834 884 3896 per
907 3831 988 3896 quae
1007 3813 1197 3889 ferebantur,
1219 3828 1235 3876 2

215 3950 314 3993 Curtius
328 3949 404 3992 Rufus
418 3962 467 3993 von
482 3950 583 4002 Stang
592 3949 606 3990 l.
1063 3936 1094 3985 18
