2976 4322
368 835 417 940 Q.
451 837 627 925 OURTl
668 839 803 924 RUFI

460 1013 712 1069 HISTORIARUM

187 1159 676 1262 ALEXANDRI
714 1161 979 1263 MAGNI

426 1359 736 1425 MAOEDONIS

478 1516 589 1571 LIBER
606 1517 693 1570 VIIII.

530 1665 594 1718 cm.
613 1666 634 1718 l.

147 1771 335 1855 Alexander,
359 1781 424 1840 tam
439 1776 637 1841 memorabili
660 1776 793 1841 victoria
815 1776 926 1856 laetus,
948 1796 1010 1859 qua
1032 1776 1092 1841 sibi
1114 1792 1126 1839 1

106 1875 197 1940 ientis
219 1875 289 1942 finis
313 1886 439 1963 apertos
463 1900 533 1945 esse
557 1881 716 1960 censebat,
742 1881 806 1945 Soli
835 1879 972 1944 victimis
997 1881 1098 1945 caesis

107 1979 177 2044 lites
207 2001 343 2064 quoque,
367 2003 430 2066 quo
461 1982 708 2069 promptioribus
731 1985 845 2050 animis
875 1984 999 2066 reliqua
1021 1984 1098 2049 belli

105 2083 193 2163 irent,
223 2105 280 2178 pro
316 2088 459 2154 contione
493 2088 639 2154 laudatos
674 2088 790 2169 docuit,
823 2088 974 2170 quicquid
1009 2086 1098 2152 Indis

105 2187 172 2250 ium
188 2187 311 2270 fuisset,
327 2191 383 2254 illa
395 2191 600 2256 dimicatione
615 2199 823 2276 prostratum:
840 2199 946 2268 cetera
958 2191 1096 2276 opimam
1118 2205 1133 2252 2

105 2291 211 2355 tedam
233 2291 311 2374 t'ore,
325 2294 563 2378 celebratasque
587 2315 663 2379 opes
686 2297 719 2360 in
742 2317 781 2362 ea
796 2297 927 2379 regione
951 2295 1097 2377 eminere,

105 2415 152 2457 am
167 2400 323 2478 peterent.
369 2398 507 2464 Proinde
522 2399 586 2463 iam
602 2399 678 2464 vilia
694 2406 725 2464 et
742 2399 887 2464 obsoleta
903 2419 973 2464 esse
997 2399 1099 2482 spolia

117 2498 244 2564 Persis:
277 2501 412 2584 gemmis
435 2502 684 2586 margaritisque,
711 2509 744 2568 et
774 2521 851 2567 auro
882 2509 978 2584 atque
1002 2502 1098 2568 ebore

106 2602 277 2668 cedoniam
319 2606 556 2689 Graeciamque,
603 2627 666 2671 non
703 2627 776 2672 suas
821 2612 945 2671 tantum
983 2604 1097 2671 domos

108 2707 212 2772 letum
227 2708 285 2773 ire.
330 2709 428 2774 Avidi
444 2711 561 2776 milites
584 2722 616 2775 et
630 2711 785 2796 pecuniae
809 2717 841 2776 et
857 2710 988 2793 gloriae,
1005 2709 1097 2774 simul
1116 2723 1132 2774 3

105 2832 124 2874 a
152 2832 327 2894 numquam
351 2833 406 2878 eos
429 2813 597 2879 affirmatio
622 2815 689 2880 eius
716 2814 882 2894 fefellerat,
909 2813 1097 2898 pollicentur

105 2935 190 2979 ram.
239 2915 451 3000 Dimissisque
474 2939 545 2982 cum
560 2919 645 2983 bona
667 2938 724 3002 spe
740 2918 870 3001 navigia
894 2915 1097 2982 exaedificari

105 3026 142 3099 et,
168 3026 215 3098 ut,
241 3040 314 3085 cum
336 3027 435 3086 totam
447 3021 557 3086 Asiam
572 3022 790 3106 percurrisset,
813 3021 907 3086 finem
930 3029 1095 3102 terrarum,

105 3145 141 3203 ·e,
160 3123 328 3189 inviseret.
356 3125 459 3191 Multa
474 3127 608 3190 materia
623 3127 747 3191 navalis
762 3126 796 3190 in
812 3126 964 3210 proximis
981 3126 1092 3190 monti·
1114 3137 1131 3186 4

134 3235 225 3293 erat:
259 3249 357 3311 quam
386 3230 521 3297 caedere
549 3231 696 3312 aggressi
727 3229 957 3313 magnitudinis
989 3229 1095 3294 invisi-

105 3354 128 3396 .e
153 3353 330 3418 repperere
354 3341 527 3419 serpentes.
574 3333 801 3400 Rhinocerotes
826 3353 961 3416 quoque,
985 3353 1093 3398 rarum
1113 3346 1129 3396 5

105 3433 117 3498 i
131 3437 269 3519 animal,
281 3438 314 3502 in
327 3437 429 3503 isdem
441 3438 603 3504 montibus
616 3445 716 3503 erant.
741 3436 890 3503 Ceterum
903 3436 965 3502 hoc
978 3458 1094 3502 nomen

105 3541 143 3605 ris
162 3541 305 3607 inditum
327 3564 347 3607 a
370 3541 517 3608 Graecis:
543 3543 629 3625 lodi,
654 3541 776 3606 Gracci
799 3541 953 3606 sermonis
978 3541 1093 3624 ignari,

105 3644 128 3708 d
154 3645 273 3728 lingua
288 3665 345 3710 sua
360 3653 521 3731 usurpant.
558 3646 635 3726 Rex,
659 3645 783 3710 duabus
799 3644 929 3709 urbibus
953 3643 1092 3709 conditis
1112 3657 1128 3707 6

105 3756 247 3832 utraque
277 3747 425 3831 fluminis,
457 3749 543 3832 quod
578 3756 793 3834 superaverat,
824 3749 904 3832 ripa,
929 3748 1092 3832 copiarum

105 3873 139 3917 es
174 3853 307 3918 coronis
338 3861 369 3918 et
400 3853 486 3918 mille
517 3853 622 3919 aureis
656 3853 799 3936 singulos
830 3853 944 3918 donat:
981 3851 1093 3916 ceteris
