2970 4322
397 167 648 250 nrsronmncu
667 195 879 248 nnnnnnnnr
898 197 921 247 x
942 200 968 267 a„
987 201 1026 248 10.
1169 199 1230 260 311

194 402 385 481 Cassander,
416 402 590 467 Menander
612 401 645 466 in
668 401 804 484 Lydiam
827 400 925 466 missi.
951 400 1147 485 Phrygiam
1178 403 1232 466 mi-

194 527 304 571 norem
327 507 534 590 Hellesponto
557 506 741 571 adiunctam
764 501 919 592 Leonnati
942 505 1139 590 provinciam
1162 527 1233 573 esse

194 611 363 681 iusserunt,
404 610 610 697 Cappadocia
629 610 765 676 Eumeni
788 631 859 675 cum
874 609 1095 694 Paphlagonia
1118 611 1231 676 cessit:
1251 623 1267 671 e

193 721 400 800 praeceptum
424 723 480 795 est,
505 723 540 780 ut
563 713 726 798 regionem
750 735 820 778 eam
843 730 945 796 usque
967 713 1010 778 ad
1032 715 1234 800 Trapezunta

194 819 389 900 defenderet,
424 820 545 884 bellum
576 839 649 884 oum
679 819 851 883 Ariarathe
884 825 1026 900 gereret:
1061 820 1150 884 solus
1179 815 1267 884 hic4

193 922 391 989 detractabat
435 924 611 1009 imperium.
665 923 781 988 Pithon
825 922 973 1004 Mediam,
1019 923 1231 1006 Lysimachus

193 1027 362 1093 Thraciam
393 1029 621 1113 appositasque
643 1025 800 1092 Thraciae
831 1027 982 1092 Ponticas
1011 1033 1124 1110 gentes
1154 1027 1232 1091 obti-
1345 1072 1354 1079 -

194 1153 268 1197 nere
302 1129 391 1198 iussi.
439 1132 500 1208 Qui
535 1133 647 1198 Indiae
681 1131 798 1214 quique
831 1131 954 1196 Bactris
992 1139 1024 1196 et
1059 1130 1231 1214 Sogdianis

193 1236 371 1320 ceterisque
394 1245 449 1302 aut
468 1237 587 1302 Oceani
610 1243 666 1301 aut
688 1235 777 1300 rubri
796 1236 893 1300 maris
915 1235 1034 1300 accolis
1053 1242 1231 1320 praeerant,

194 1340 308 1422 quibus
342 1341 476 1424 quisque
500 1339 617 1405 finibus
640 1340 805 1404 habuisset
838 1339 1015 1424 imperium,
1051 1339 1230 1406 obtinerent

193 1445 359 1510 decretum
390 1451 455 1510 est:
490 1444 647 1510 Perdicca
676 1451 711 1508 ut
741 1463 814 1508 cnm
843 1463 920 1526 rege
950 1450 1036 1508 esset
1066 1443 1230 1527 copiisque

192 1556 365 1633 praeesset,
395 1569 478 1632 quae
500 1568 611 1632 regem
634 1549 856 1630 sequebantur.
904 1547 1077 1613 Credidere
1100 1546 1229 1630 quidam
1249 1552 1264 1602 5

191 1659 382 1718 testamento
416 1652 592 1718 Alexandri
625 1651 810 1716 distributas
845 1671 915 1717 esse
948 1652 1140 1737 provincias,
1174 1651 1231 1717 sed

192 1759 312 1822 famam
342 1757 412 1823 eius
430 1757 497 1838 rei,
530 1777 723 1840 quamquam
746 1756 788 1820 ab
818 1757 1001 1821 auctoribus
1030 1756 1149 1821 tradita
1171 1762 1229 1836 est,

135 1855 138 1861 ’
191 1882 307 1926 vanam
330 1861 432 1926 fuisse
455 1861 676 1946 comperimus.
713 1860 754 1923 Et
776 1859 905 1941 quidem
928 1879 1012 1940 suas,
1044 1879 1124 1943 quas
1148 1860 1264 1943 quis-6

192 1986 254 2048 que
277 1985 354 2050 opes
377 1964 596 2043 fundaverant,
622 1964 733 2029 divisis
755 1963 878 2049 imperii
897 1965 1041 2050 partibus
1060 1966 1230 2030 tuebantur

190 2071 263 2155 ipsi,
284 2070 311 2134 si
327 2090 479 2153 umquam
494 2068 648 2133 adversus
664 2069 849 2134 immodicas
866 2066 1060 2153 cupiditates
1076 2070 1229 2136 terminus

191 2180 305 2239 staret:
336 2174 454 2257 quippe
476 2173 572 2258 paulo
595 2180 669 2238 ante
692 2169 779 2255 regis
803 2173 940 2238 ministri
972 2173 1079 2258 specie
1101 2173 1228 2258 imperii
1248 2179 1264 2228 7

190 2278 287 2342 alieni
310 2276 502 2362 procurandi
526 2277 645 2360 singuli
669 2277 815 2361 ingentia
830 2277 1013 2342 invaserant
1035 2278 1229 2361 regnasub-

190 2383 264 2447 latis
288 2383 497 2447 certaminum
520 2381 638 2463 causis,
670 2401 742 2447 cum
765 2388 797 2447 et
819 2402 930 2447 omnes
953 2382 1098 2448 eiusdem
1122 2384 1228 2465 gentis

190 2492 298 2550 essent
321 2492 352 2550 et
374 2507 394 2549 a
416 2486 533 2551 ceteris
556 2486 605 2550 sui
628 2485 763 2569 quisque
785 2483 910 2570 imperii
933 2487 1067 2569 regione
1090 2486 1225 2552 discreti.

190 2590 255 2656 Sed
292 2590 422 2654 difficile
455 2595 524 2656 erat
557 2611 595 2655 eo
630 2597 796 2655 contentos
829 2609 911 2671 esse,
950 2590 1036 2673 quod
1069 2592 1263 2656 obtulerat8

189 2695 333 2760 occasio:
369 2694 487 2778 quippe
518 2693 648 2759 sordent
681 2694 784 2779 prima
814 2713 969 2776 quaeque,
1004 2715 1076 2758 cum
1107 2696 1228 2760 maiora

188 2805 364 2882 sperantur.
404 2799 517 2881 ltaque
541 2798 688 2863 omnibus
711 2798 893 2882 expeditius
916 2799 1086 2864 videbatur
1107 2819 1227 2882 augere

189 2923 290 2984 regna
312 2921 407 2985 quam
432 2901 546 2967 fuisset
568 2903 723 2986 accipere.

136 3001 176 3072 31
295 3006 456 3090 Septimus
486 3004 556 3071 dies
578 3013 656 3087 erat,
689 3027 814 3089 exque
846 3027 962 3092 corpus
985 3008 1072 3089 regis
1103 3009 1261 3072 iacebat9

188 3108 221 3174 in
245 3110 334 3191 solio,
354 3110 439 3175 curis
462 3111 601 3175 omnium
624 3111 666 3174 ad
689 3111 892 3176 formandum
922 3112 1084 3196 publicum
1108 3117 1226 3177 statum

188 3235 207 3278 a
241 3221 306 3278 tam
341 3214 488 3279 sollemni
523 3235 653 3280 munere
688 3215 821 3285 aversis,
867 3216 908 3278 Et
942 3237 1005 3280 non
1036 3216 1100 3280 alia
1130 3236 1226 3298 quam
1247 3230 1279 3278 10

187 3317 437 3403 Mesopotamiae
467 3319 598 3402 regione
628 3319 782 3384 fervidior
804 3327 911 3385 aestus
936 3319 1053 3400 existit,
1087 3320 1168 3386 adeo
1192 3327 1226 3385 ut

187 3422 338 3507 pleraque
361 3423 523 3504 animalia,
558 3443 640 3505 quae
663 3424 695 3487 in
718 3423 803 3489 nudo
827 3425 895 3488 solo
919 3423 1095 3508 deprendit,
1128 3426 1227 3498 extin-

187 3533 282 3608 guat:
313 3533 420 3592 tantus
443 3533 492 3591 est
514 3546 616 3611 vapor
639 3527 716 3592 solis
740 3533 771 3591 et
795 3528 886 3608 caeli,
918 3547 980 3610 quo
1003 3536 1117 3592 cuncta
1140 3527 1227 3592 velut

187 3630 262 3712 igne
278 3637 447 3695 torrentur.
482 3631 600 3696 Fontes
622 3651 777 3713 aquarum
801 3639 832 3695 et
854 3631 918 3695 rari
942 3637 1065 3696 suntet
1087 3631 1224 3696 incolon-
1246 3645 1273 3693 11

186 3735 266 3799 tium
289 3734 402 3799 fraude
426 3736 583 3800 celantur:
615 3736 693 3820 ipsis
716 3755 793 3800 usus
815 3741 914 3820 patet,
949 3736 1077 3818 ignotus
1100 3743 1148 3800 est
1171 3735 1226 3800 ad-

174 3837 285 3903 ·venis.
331 3838 497 3908 Traditum
519 3835 621 3922 magis
652 3859 748 3922 quam
771 3840 926 3904 creditum
947 3840 1068 3905 refero:
1104 3847 1138 3904 ut
1161 3847 1225 3905 tan-
1245 3853 1276 3902 12
