3040 4318
302 255 364 321 134
689 255 720 322 o.
740 252 849 308 cuam
866 252 954 308 nom

300 462 411 528 eaniae
429 457 594 546 penetrat,
620 460 749 526 Cratero
772 459 883 524 relicto
914 479 987 524 cum
1012 458 1051 524 iis
1078 458 1188 544 copiis,
1221 459 1335 542 quibus

300 573 454 652 praeerat,
487 573 519 631 et
542 586 581 630 ea
603 585 707 646 manu,
740 585 835 647 quam
857 563 1014 646 Amyntas
1041 563 1186 643 ducebat,
1219 562 1336 628 additis

212 679 216 685 “
302 681 349 734 Do
386 670 543 753 equitibus
578 676 609 735 et
642 668 774 734 totidem
797 667 980 750 sagittariis,
1015 674 1050 732 ut
1082 666 1124 731 ab
1158 667 1336 733 incursione

267 793 282 842 3
300 775 506 840 barbarorum
529 773 724 839 Parthienen
738 779 889 838 tueretur.
912 772 1080 856 Erigyium
1099 771 1334 856 impedimenta,

301 878 426 944 modico
456 877 617 962 praesidio
647 877 732 958 dato,
763 876 934 960 campestri
957 876 1068 941 itinere
1099 875 1216 941 ducere
1239 876 1335 941 iubet.

301 983 385 1067 lpse,
416 1003 488 1046 eum
510 980 673 1066 phalange
711 988 742 1046 et
780 981 921 1063 equitatu
959 991 1003 1044 eL
1038 980 1142 1046 stadia
1180 1001 1336 1063 emensae,

301 1094 406 1151 castra
443 1085 476 1150 in
511 1086 604 1166 valle,
651 1106 713 1168 qua
749 1085 945 1168 Hyrcaniam
983 1083 1109 1166 adeunt,
1156 1085 1336 1150 communit.

301 1191 421 1255 Nemus
466 1189 616 1274 praealtis
653 1188 823 1271 densisque
860 1188 1026 1253 arboribus
1063 1189 1245 1254 umbrosum
1279 1197 1336 1270 est,

301 1294 421 1379 pingue
451 1293 544 1358 vallis
578 1294 680 1358 solum
713 1292 890 1374 rigantibus
920 1292 1020 1375 aquis,
1056 1313 1137 1375 quae
1168 1314 1208 1358 ex
1238 1292 1337 1377 petris

266 1397 536 1467 4imminentibus
564 1404 719 1463 manant.
778 1398 828 1460 Ex
865 1397 943 1482 ipsis
980 1396 1141 1462 radicibus
1185 1397 1337 1462 montium

302 1501 443 1568 Ziobetis
465 1501 567 1566 amnis
590 1501 769 1582 effunditur,
801 1501 855 1583 qui
877 1501 938 1565 tria
960 1501 1027 1566 iere
1058 1501 1162 1566 stadia
1184 1501 1218 1565 in
1239 1501 1338 1584 longi-

302 1605 445 1671 tudinem
479 1605 644 1670 universus
677 1603 754 1685 fluit,
791 1604 906 1670 deinde
940 1625 1027 1686 saxo,
1063 1605 1148 1687 quod
1180 1607 1338 1671 alveolum

303 1709 493 1794 interpellat,
531 1729 735 1793 repercussus
773 1708 836 1773 duo
873 1708 987 1774 itinera
1024 1710 1111 1774 velut
1145 1709 1337 1794 dispensatis

269 1812 393 1896 saquis
424 1813 534 1898 aperit.
580 1813 660 1878 Inde
689 1820 811 1878 torrens
842 1819 874 1878 et
904 1833 1061 1894 saxorum,
1096 1834 1154 1898 per
1184 1833 1266 1896 quae
1295 1813 1338 1877 in·

304 1917 407 1998 currit,
432 1916 604 2002 asperitate
626 1916 795 1982 violentior
820 1923 937 1981 terram
959 1936 1114 2001 praeceps
1138 1916 1230 1982 subit.
1277 1917 1339 1982 Per

304 2030 368 2085 000
392 2021 497 2086 stadia
534 2020 679 2086 conditus
712 2020 827 2085 labitur
863 2040 1042 2102 rursusque,
1080 2021 1168 2086 velut
1205 2041 1245 2085 ex
1275 2019 1338 2085 alio

303 2125 390 2192 fonte
413 2133 594 2210 conceptus,
607 2126 710 2190 editur
733 2133 764 2190 et
786 2145 902 2190 novum
917 2125 1044 2190 alveum
1066 2124 1210 2206 intendit,
1235 2124 1339 2210 priore

269 2229 354 2298 osui
383 2237 473 2314 parte
504 2229 681 2315 spatiosior,
713 2230 832 2314 quippe
862 2229 896 2294 in
925 2229 1167 2295 latitudinemx
1190 2237 1221 2295 et
1243 2229 1339 2294 trium

300 2333 480 2399 stadiorum
503 2333 698 2416 diffunditur,
727 2353 898 2415 rursusque
921 2333 1159 2417 angustioribus
1183 2333 1338 2399 coercitus

303 2437 382 2523 ripis
420 2438 480 2503 iter
516 2439 613 2521 cogit.
658 2437 801 2503 Tandem
837 2438 871 2502 in
907 2439 1042 2503 alterum
1077 2459 1201 2503 amnem
1235 2437 1338 2502 cadit:

270 2541 450 2624 7Ridagno
473 2562 588 2607 nomen
614 2550 671 2608 est.
718 2542 847 2607 Incolae
877 2541 1090 2622 affirmabant,
1119 2561 1338 2626 quaecumque

304 2645 443 2712 demissa
474 2654 581 2712 essent
614 2647 647 2711 in
680 2667 859 2728 cavernam,
896 2667 978 2729 quae
1011 2648 1141 2731 propior
1170 2654 1218 2712 est
1247 2646 1338 2726 fonti,

303 2770 422 2832 rursus,
453 2751 509 2816 ubi
538 2751 627 2830 aliud
655 2771 691 2816 os
720 2752 823 2817 amnis
853 2752 1002 2836 aperitur,
1035 2751 1183 2816 existere.
1227 2751 1339 2833 Itaque

304 2855 489 2921 Alexander
522 2856 603 2922 duos
636 2858 764 2938 haedos,
803 2877 866 2939 qua
903 2856 1039 2922 subeunt
1076 2875 1179 2939 aquae
1212 2862 1338 2936 terram,

303 2959 508 3046 praecipitari
532 2960 634 3026 iubet:
660 2980 792 3043 quorum
815 2981 958 3046 corpora,
983 2960 1036 3025 ubi
1059 2979 1172 3024 rursus
1195 2958 1340 3042 erumpit,

305 3065 439 3150 expulsa
461 3064 580 3145 videre,
603 3065 657 3148 qui
679 3065 769 3130 missi
792 3073 892 3145 erant,
915 3072 950 3130 ut
973 3064 1163 3150 exciperent.

270 3187 286 3238 8
409 3169 564 3246 Quartum
597 3170 661 3234 iarn
696 3168 780 3234 diem
814 3169 927 3234 eodem
964 3169 1034 3234 loco
1072 3169 1210 3252 quietem
1247 3167 1340 3232 militi
1357 3178 1391 3248 11

305 3271 448 3356 dederat,
488 3293 560 3338 cum
594 3274 718 3339 litteras
752 3273 960 3355 Nabarzanis,
1000 3273 1053 3356 qui
1088 3274 1230 3338 Dareum
1268 3293 1339 3338 cum

305 3378 406 3443 Besso
429 3379 651 3464 interceperat,
674 3379 809 3462 accepit,
835 3399 967 3462 quarum
987 3378 1144 3444 sententia
1159 3377 1240 3442 haee
1256 3383 1339 3442 erat:

306 3504 341 3549 se
363 3483 470 3548 Dareo
494 3504 556 3549 non
580 3484 680 3550 fuisse
703 3484 876 3563 inimicum,
900 3484 996 3548 immo
1016 3483 1122 3562 etiam,
1145 3502 1226 3565 quae
1242 3481 1340 3547 eredi-

306 3587 406 3652 disset
428 3587 520 3652 utilia
543 3607 624 3668 esse,
649 3587 790 3654 suasisse
813 3596 853 3669 et,
878 3587 953 3671 quia
975 3587 1069 3653 fidele
1085 3585 1252 3652 consilium
1271 3586 1342 3668 regi

271 3692 457 3773 odedisset,
496 3713 596 3778 prope
633 3693 775 3758 occisum
811 3693 853 3757 ab
891 3713 937 3758 eo.
998 3692 1151 3775 Agitasse
1188 3692 1340 3770 Dareum,

306 3796 485 3862 custodiam
519 3794 661 3882 corporis
700 3797 747 3862 sui
787 3804 897 3862 contra
934 3797 983 3862 ius
1020 3796 1135 3878 fasque
1171 3794 1341 3880 peregrino

306 3902 399 3968 militi
436 3902 573 3983 tradere,
612 3902 763 3967 damnata
798 3901 1000 3986 popularium
1044 3900 1117 3981 fide,
1153 3921 1247 3984 quam
1284 3921 1342 3984 per
