2976 4322
265 153 327 216 218
653 155 683 220 Q.
703 152 810 206 GURTI
829 152 916 205 RUFI

158 341 160 348 ’
215 371 247 420 12
265 367 354 425 aetas
378 359 612 445 spopondisset.
653 358 775 436 Quodsi
792 357 890 422 ceteri
905 357 1061 438 dubitent,
1086 357 1303 440 semetipsum,

266 485 338 528 curn
360 485 417 528 rex
442 463 554 529 inisset
584 463 774 543 convivium,
805 468 1036 546 prostraturum
1065 460 1152 524 humi
1177 479 1303 544 corpus.

266 568 393 633 Debere
415 567 501 632 idem
523 566 630 632 facere
654 573 778 631 ceteros
813 572 844 630 et
877 565 1020 650 inprimis
1045 564 1203 649 sapientia
1217 583 1308 648 prae-

267 672 367 737 ditos:
402 673 443 738 ab
474 671 536 736 illis
568 671 651 735 enim
682 669 786 735 cultus
816 671 849 734 in
882 691 993 751 regem
1023 669 1204 752 exemplum
1235 689 1307 733 esse

217 785 248 835 13
266 776 473 860 prodendum.
521 775 617 839 Haud
640 775 792 859 perplexe
815 775 848 838 in
871 773 1087 838 Callisthenen
1110 772 1309 855 dirigebatur

268 881 377 945 oratio.
424 879 573 946 Gravitas
607 879 666 945 viri
701 886 732 943 et
762 886 910 963 prompta
945 878 1074 943 libertas
1104 878 1210 943 invisa
1240 885 1309 942 erat

267 985 345 1067 regi,
370 985 461 1066 quasi
485 985 572 1050 solus
584 985 790 1063 Macedonas,
803 990 932 1068 paratos
955 983 998 1046 ad
1020 983 1084 1048 tale
1108 983 1307 1064 obsequium,

218 1097 250 1146 14
268 1096 451 1154 moraretur.
498 1089 531 1154 Is
553 1097 621 1154 tum
633 1090 758 1154 silentio
778 1087 874 1169 facto,
892 1108 990 1152 unum
1005 1087 1094 1152 illum
1108 1087 1305 1152 intuentibus
1324 1077 1359 1148 19

269 1193 391 1273 ceteris,
423 1192 471 1257 ‘si
494 1194 575 1274 rex',
607 1191 717 1275 inquit,
745 1193 895 1258 ‘sermoni
925 1199 980 1256 tuo
1003 1190 1159 1272 affuisset,
1190 1190 1309 1256 nullius

269 1296 413 1379 profecto
444 1317 508 1361 vox
537 1297 721 1380 responsuri
750 1297 809 1362 tibi
840 1297 1089 1361 desideraretur:
1123 1295 1193 1379 ipse
1225 1294 1310 1358 eninr

270 1407 400 1484 peteret,
432 1421 472 1464 ne
495 1399 528 1464 in
551 1400 737 1484 peregrinos
767 1401 846 1465 ritus
878 1407 1089 1481 externosque
1113 1398 1309 1480 degenerare

271 1524 305 1568 se
340 1524 472 1586 augeres
506 1524 568 1568 neu
598 1504 694 1568 rebus
724 1503 909 1568 felicissime
939 1505 1040 1586 gestis
1069 1502 1224 1568 invidiam
1253 1502 1310 1566 tali

221 1615 252 1664 15
271 1607 453 1673 adulatione
485 1608 698 1673 contraheres.
745 1607 811 1673 Sed
841 1609 992 1690 quoniam
1021 1607 1120 1688 abest,
1156 1627 1217 1689 ego
1252 1606 1310 1671 tibi

271 1733 329 1798 pro
352 1711 407 1777 illo
430 1712 609 1795 respondeo
639 1711 762 1777 nullum
792 1733 863 1778 1111
894 1712 1031 1776 eundem
1061 1718 1093 1776 et
1127 1710 1311 1775 diuturnum

272 1822 303 1880 et
325 1836 539 1900 praecoquem
561 1815 710 1897 fructum,
742 1817 961 1899 caelestesque
985 1817 1122 1882 honores
1145 1835 1209 1879 nou
1233 1814 1310 1880 dare

271 1927 303 1984 te
326 1920 404 2002 regi,
429 1919 486 1984 sed
509 1919 644 1986 auferre.
691 1921 865 1986 Intervallo
889 1921 973 1986 enirn
996 1939 1076 2004 opus
1100 1926 1156 1999 est,
1189 1925 1224 1984 ut
1247 1939 1312 1982 cre-

274 2024 367 2088 datur
389 2023 478 2105 deus,
504 2045 691 2109 semperque
706 2025 790 2090 hano
806 2025 942 2108 gratiam
957 2025 1082 2107 magnis
1098 2023 1175 2088 viris
1191 2023 1311 2107 posteri

223 2137 255 2187 16
273 2127 419 2192 reddunt.
466 2127 536 2210 Ego
559 2135 666 2193 autem
689 2149 793 2193 seram
815 2129 1083 2193 immortalitatem
1096 2147 1209 2211 precor
1231 2127 1310 2208 regi,

273 2239 308 2295 ut
331 2238 362 2296 et
384 2231 451 2296 vita
474 2231 622 2296 diuturna
652 2233 693 2298 sit
723 2240 754 2298 et
777 2239 907 2297 aeterna
936 2233 1095 2298 maiestas.
1142 2231 1312 2295 Hominem

275 2335 479 2417 consequitur
516 2337 700 2418 aliquande,
734 2357 906 2419 numquam
943 2337 1112 2402 comitatur
1150 2335 1310 2400 divinitas.

224 2449 256 2498 17
274 2438 445 2503 Herculem
471 2439 566 2504 modo
590 2447 621 2505 et
644 2442 771 2506 Patrem
793 2440 942 2505 Liberum
962 2445 1166 2505 consecratae
1188 2439 1314 2504 immor-

274 2542 405 2608 talitatis
429 2542 576 2628 exempla
598 2543 770 2610 referebas.
809 2544 962 2609 Credisne
977 2544 1050 2609 illos
1065 2543 1159 2608 unius
1175 2544 1313 2608 convivii

276 2645 403 2710 decreto
427 2647 505 2712 deos
528 2647 657 2713 factos?
691 2649 784 2731 Prius
807 2648 848 2713 ab
872 2647 972 2713 oculis
988 2647 1169 2712 mortalium
1184 2646 1314 2711 amolita

225 2758 257 2809 18
275 2757 387 2813 natura
410 2757 458 2815 est
482 2771 577 2832 quam
607 2751 640 2815 in
670 2752 795 2816 eaelum
825 2751 911 2816 fama
940 2751 1137 2835 perveheret.
1184 2750 1315 2816 Scilicet

276 2874 337 2936 ego
362 2861 393 2918 et
415 2862 459 2936 tu,
486 2854 571 2936 Cleo,
597 2856 675 2921 deos
699 2856 851 2920 facimus:
879 2877 898 2919 a
921 2856 1013 2922 nobis
1036 2855 1212 2920 divinitatis
1237 2874 1315 2920 suae

276 2958 496 3023 auctoritatem
526 2967 716 3044 accepturus
747 2967 795 3025 est
817 2961 890 3024 rex!
937 2960 1116 3024 Potentiam
1146 2966 1232 3022 tuam
1263 2979 1317 3022 ex-

276 3061 373 3145 periri
396 3063 490 3128 libet:
521 3063 574 3129 fac
597 3065 736 3146 aliquem
759 3085 876 3146 regem,
910 3063 937 3128 si
961 3063 1055 3128 deum
1081 3070 1173 3148 potes
1196 3062 1314 3127 facere.

71 3193 79 3204 -
228 3175 259 3225 19
278 3165 417 3230 Facilius
441 3173 490 3231 est
513 3167 638 3232 caelum
669 3167 745 3232 dare
777 3188 872 3249 quam
901 3167 1076 3251 imperium.
1122 3166 1165 3230 Di
1186 3165 1316 3250 propitii

164 3261 170 3276 ⁸
278 3269 346 3334 sine
368 3269 499 3352 invidia,
524 3291 606 3353 quae
622 3271 698 3336 Oleo
723 3271 812 3352 dixit,
838 3271 996 3336 audierint
1019 3270 1194 3351 eodemque
1210 3289 1316 3350 cursu,

279 3393 341 3455 quo
368 3371 488 3438 fluxere
516 3373 621 3438 adhuc
651 3395 712 3456 res,
743 3375 788 3439 ire
811 3375 980 3459 patiantur.
1026 3373 1153 3439 Nostris
1175 3373 1317 3438 moribus

278 3476 377 3541 velint
399 3497 458 3542 nos
481 3498 552 3543 esse
576 3485 750 3544 contentos.
789 3478 862 3543 Non
884 3478 984 3563 pudet
1006 3478 1136 3562 patriae,
1161 3497 1220 3541 nec
1237 3476 1320 3542 desi-

280 3580 366 3662 dero,
398 3581 558 3663 adquam
580 3582 709 3646 modum
739 3602 796 3646 rex
825 3581 903 3647 mihi
927 3582 1080 3647 colendus
1103 3581 1152 3662 sit,
1179 3605 1199 3644 a
1223 3582 1320 3645 victis

281 3683 413 3750 discere.
461 3684 548 3762 Quos
579 3685 726 3767 equidem
756 3685 892 3750 victores
923 3706 994 3751 esse
1025 3684 1183 3766 confiteor,
1219 3683 1246 3750 si
1275 3685 1319 3748 ab

280 3787 343 3852 illis
374 3786 472 3870 leges,
509 3788 579 3870 quis
609 3788 763 3868 vivamus,
798 3787 991 3872 accipimus?
