2976 4322
256 210 507 266 HISTORIARUM
526 209 741 264 ALEXANDRI
759 209 837 263 Vllll
855 211 879 262 2.
900 213 923 263 3.
1059 211 1123 277 255

104 418 265 484 rulneribus
281 422 314 482 et
325 415 474 481 continuo
488 415 597 479 labore
612 414 744 481 militiae
760 415 913 497 fatigatos
926 436 989 480 non
1003 415 1123 480 detrac-

106 544 157 587 are
181 521 293 602 munia,
310 519 368 585 sed
391 519 545 585 sustinere
563 539 627 584 non
654 539 758 603 posse.
806 519 952 584 Ceterum
968 519 1015 584 illi
1038 527 1123 584 metu

104 627 208 691 attoniti
229 626 262 690 in
284 632 400 690 terram
423 644 480 688 ora
502 623 684 690 defixerant.
731 623 833 705 Igitur
856 623 956 707 primo
981 623 1123 688 fremitus
1142 640 1157 688 2

104 753 147 795 ua
169 737 287 816 sponte,
310 727 430 794 deinde
456 728 594 811 gemitus
618 747 743 809 quoque
774 727 881 807 oritur,
905 727 1123 810 paulatimque

104 835 213 900 iberius
237 834 328 899 dolor
351 833 430 915 erigi
454 831 568 916 coepit,
586 831 789 897 manantibus
812 831 960 909 lacrimis,
985 831 1066 896 adeo
1090 839 1124 896 ut

107 960 144 1003 ex
165 939 210 1002 ira
230 939 262 1002 in
293 935 542 1004 misericordiam
564 956 658 1001 versa
688 956 729 1000 ne
752 936 821 1019 ipse
854 935 992 1018 quidem,
1018 956 1126 1018 quam-

104 1065 183 1126 quam
205 1042 355 1126 cupierat,
378 1047 555 1124 temperare
571 1039 671 1104 oculis
694 1040 841 1124 potuerit.
887 1040 1033 1105 Tandem
1056 1041 1123 1105 uni·
1142 1055 1157 1104 3

104 1168 178 1211 'ersa
199 1145 344 1212 contione
367 1144 497 1209 effusius
520 1142 616 1208 flente
632 1144 758 1208 Coenus
782 1164 877 1209 ausus
901 1150 960 1225 est,
974 1153 1123 1209 cunctan-

104 1251 169 1315 ibus
199 1249 321 1330 ceteris,
342 1248 474 1333 propius
503 1245 643 1311 tribunal
673 1247 837 1328 accedere,
870 1247 1059 1330 significans
1087 1269 1123 1314 se

104 1355 171 1437 oqui
185 1354 276 1419 velle.
325 1352 427 1429 Quem
450 1357 484 1416 ut
500 1351 610 1416 videre
625 1351 741 1415 milites
757 1349 978 1417 detrahentem
994 1353 1121 1435 galeam
1142 1369 1157 1416 4

104 1459 179 1543 apiti
204 1459 313 1522 -ita
342 1457 426 1523 enim
456 1477 566 1539 regem
596 1451 718 1536 alloqui
748 1476 816 1520 mos
859 1463 971 1522 est-
1004 1457 1122 1522 hortari

104 1569 262 1647 oeperunt,
294 1569 328 1626 ut
359 1579 489 1626 causam
519 1560 677 1625 exercitus
708 1567 829 1647 ageret.
876 1561 958 1625 Turn
986 1561 1158 1642 Coenuss

104 1668 146 1731 tii
169 1666 379 1750 prohibeant,
403 1664 514 1746 iuquit,
534 1667 566 1727 ‘a
582 1663 674 1729 nobis
697 1663 811 1748 impias
834 1667 972 1730 mentes!
1000 1666 1041 1729 Et
1056 1689 1125 1750 pro-

104 1778 167 1835 ecto
199 1769 385 1854 prohibent:
417 1767 503 1833 idem
526 1768 649 1832 animus
673 1775 721 1834 est
741 1769 812 1846 tuis,
837 1769 891 1851 qui
908 1769 967 1834 tuit
990 1789 1124 1854 semper,

104 1897 138 1954 e,
170 1895 232 1957 quo
263 1874 400 1954 iusseris,
433 1892 586 1957 pugnare,
610 1871 794 1955 periclitari,
827 1874 985 1956 sanguine
1015 1884 1125 1939 nostro

104 1978 305 2044 ommendare
325 1976 503 2061 posteritati
525 1983 613 2040 tuum
632 1996 756 2040 nomen.
804 1978 943 2043 Proinde
967 1979 993 2043 si
1016 1999 1122 2063 perse·

104 2104 185 2164 eras,
209 2083 347 2146 inermes
377 2100 503 2163 quoque
527 2088 559 2145 et
589 2080 666 2144 nudi
690 2088 723 2145 et
756 2101 930 2164 exangues
957 2090 1126 2166 utcumque

109 2187 140 2252 bi
164 2185 252 2252 cordi
275 2194 334 2265 est,
357 2186 518 2268 sequimur
533 2185 586 2250 vel
604 2184 832 2250 antecedimus
879 2186 944 2251 Sed
968 2187 994 2251 si
1012 2187 1124 2251 audire
1143 2207 1158 2256 o

105 2293 130 2355 is
155 2313 219 2356 non
241 2291 332 2356 fictas
355 2297 481 2354 tuorum
503 2289 639 2353 militum
662 2309 768 2367 voces
792 2309 903 2354 verum
932 2291 1126 2357 necessitate

105 2397 194 2460 ltima
207 2413 384 2480 expressas
397 2393 525 2478 praebe,
542 2413 671 2475 quaeso,
687 2393 843 2477 propitias
856 2414 947 2458 aures
960 2394 1127 2479 imperium

105 2507 177 2581 tque
194 2498 373 2582 auspicium
396 2505 484 2562 tuurn
501 2497 756 2562 constantissimo
780 2498 900 2562 secutis
917 2506 957 2578 et,
982 2519 1128 2581 quocum·

106 2623 141 2667 ue
165 2603 286 2687 pergis,
315 2602 479 2667 secuturis
528 2601 651 2681 Vicisti,
675 2621 741 2681 rer,
773 2603 997 2685 magnitudine
1020 2624 1126 2668 rerum
1147 2624 1161 2672 7

106 2729 143 2772 cn
160 2705 272 2771 hostes
295 2705 399 2787 modo,
417 2704 586 2770 sedetiam
603 2706 729 2770 milites.
776 2705 935 2788 Quicquid
953 2708 1129 2774 mortalitas

106 2830 197 2894 apere
232 2817 366 2894 poterat,
390 2808 601 2891 implevimus
649 2809 797 2874 Emensis
833 2810 934 2874 maria
967 2818 1130 2892 terrasque

107 2913 196 2979 elius
220 2913 314 2978 nobis
337 2934 432 2995 quam
459 2913 572 2977 incolis
596 2907 702 2977 omnia
732 2922 809 2979 nota
832 2921 914 2979 sunt.
962 2916 1069 2980 Paene
1093 2916 1164 2983 ins

107 3019 191 3082 timo
207 3085 209 3100 ¹
224 3016 334 3082 mundi
357 3017 419 3082 tine
450 3017 661 3082 consistimus
706 3017 743 3082 In
767 3019 865 3082 alium
898 3019 1008 3084 orbem
1035 3040 1129 3103 paras

107 3142 123 3186 e
148 3129 182 3185 et
199 3121 327 3185 Indiam
350 3121 485 3202 quaeris,
502 3119 592 3185 Indis
616 3140 741 3203 quoque
757 3121 919 3205 ignotam:
946 3123 1029 3188 inter
1046 3124 1130 3190 feras

107 3233 313 3309 rpentesque
343 3225 497 3307 degentes
528 3244 638 3290 eruere
669 3245 709 3289 ex
743 3226 873 3291 latebris
905 3233 937 3290 et
968 3227 1125 3294 cubilibus

108 3329 143 3393 lis
169 3328 309 3412 expetis,
340 3335 375 3392 ut
397 3327 489 3412 plura
519 3349 613 3410 quam
644 3329 692 3392 sol
722 3329 811 3394 videt
838 3331 972 3395 victoria
1003 3333 1128 3398 lustres

108 3433 192 3514 igna
216 3451 347 3516 prorsus
378 3431 534 3514 cogitatio
564 3432 670 3497 animo
700 3439 765 3514 tuo,
797 3435 854 3499 scd
886 3435 980 3500 altior
1010 3444 1166 3503 nostros

108 3536 191 3601 irtus
217 3536 304 3601 enirn
334 3542 390 3600 tua
412 3555 538 3620 semper
561 3538 597 3600 in
627 3538 823 3603 incremento
848 3540 916 3620 erit,
948 3547 1058 3604 nostra
1082 3542 1132 3607 vis

109 3663 142 3704 nr
167 3640 204 3704 in
229 3639 294 3705 fine
317 3646 374 3704 est.
420 3641 549 3705 Intuere
575 3661 708 3725 corpora
730 3643 899 3724 exanguia,
915 3650 963 3708 tot
985 3643 1130 3728 perfossa
1150 3662 1182 3711 10

109 3744 284 3825 1lneribus,
319 3749 367 3809 tot
401 3744 602 3810 cicatricibus
641 3745 754 3829 putria.
801 3746 871 3810 lam
905 3748 970 3812 tela
1003 3748 1133 3815 hebetia

109 3857 166 3929 rnt,
185 3849 255 3913 iam
278 3869 368 3912 arma
383 3847 540 3913 deficiunt.
600 3850 729 3915 Vestem
744 3851 905 3916 Persicam
929 3852 1042 3934 induti,
1059 3854 1134 3935 quia
