2976 4322
254 163 318 228 250
641 167 672 234 u.
692 168 800 222 suari
819 169 905 222 auur

253 371 357 453 gentis
373 370 534 457 oppidum,
559 373 610 438 cui
625 372 808 439 Alexander
822 374 1008 440 admoverat
1023 375 1142 459 copias,
1158 375 1199 440 ab
1221 375 1292 460 ipso

255 475 422 560 Sophythe
445 478 655 544 obtinebatur.
702 477 837 544 Clausae
861 487 951 544 erant
980 486 1101 564 portae,
1126 479 1183 545 sed
1214 479 1293 542 nulli

251 579 284 644 in
307 579 403 646 muris
426 582 627 676 turribusque
650 603 685 649 se
708 583 820 648 armati
851 584 1069 666 ostendebant,
1092 584 1293 650 dubitabant-

252 703 314 766 que
337 684 538 767 Maccdones,
572 685 787 752 deseruissent
817 688 926 754 urbem
960 688 1084 754 incolae
1114 707 1157 752 an
1179 687 1291 754 fraude

201 798 235 849 28
254 807 288 853 sc
304 787 500 856 occulerent:
524 811 596 856 eum
612 791 716 856 subito
739 791 902 874 patefacta
917 800 1010 876 porta
1024 813 1081 858 rex
1098 790 1198 856 Indus
1221 811 1291 855 cum

173 957 180 968 ,
251 891 376 958 duobus
392 893 508 958 adultis
524 893 596 960 tiliis
609 894 754 974 occurrit,
771 897 905 960 multum
920 897 1002 962 inter
1014 916 1122 961 omnes
1138 895 1290 960 barbaros

199 1007 233 1057 29
252 996 392 1063 eminens
420 998 560 1082 corporis
591 999 707 1082 specie.
754 1000 859 1064 Vestis
891 1008 958 1066 erat
980 1020 1057 1066 auro
1087 1019 1290 1085 purpuraque

250 1099 410 1182 distincta,
428 1123 490 1185 qua
506 1102 602 1168 etiam
618 1123 710 1168 crura
726 1104 869 1169 velabat:
886 1104 990 1170 aurcis
1006 1104 1101 1170 soleis
1117 1103 1292 1168 inseruerat

251 1225 404 1288 gemmas,
436 1206 546 1271 lacerti
580 1225 706 1290 quoque
738 1215 769 1272 et
802 1208 933 1273 brachia
966 1207 1146 1291 margaritis
1182 1213 1292 1272 omata

199 1319 233 1370 30
251 1317 348 1376 erant.
414 1311 601 1376 Pendebant
642 1333 683 1376 cx
723 1313 852 1378 auribus
892 1312 1034 1396 insignes
1075 1311 1213 1377 candore
1253 1331 1291 1374 ac

249 1413 469 1496 magnitudine
502 1415 613 1499 lapilli.
672 1415 825 1480 Baculum
866 1437 997 1482 aureum
1030 1415 1146 1499 berylli
1181 1414 1291 1480 distin-

249 1518 404 1600 guebant:
430 1539 491 1601 quo
514 1519 630 1583 tradito
659 1526 818 1604 precatus,
841 1527 876 1586 ut
903 1519 1039 1603 sospites
1066 1517 1233 1602 acciperet,
1256 1537 1290 1582 sc

249 1623 429 1705 liberosque
452 1630 484 1687 et
506 1629 634 1706 gentem
657 1643 747 1688 suam
770 1623 901 1689 dedidit.

197 1735 227 1784 31
352 1727 484 1792 Nobiles
493 1727 534 1791 ad
543 1726 723 1792 venandum
732 1747 827 1792 canes
838 1727 871 1791 in
883 1748 922 1792 ea
932 1727 1062 1808 regione
1071 1732 1159 1790 sunt:
1172 1725 1318 1796 latratui}

247 1831 405 1895 abstinere
417 1831 572 1911 dicuntur,
582 1852 654 1897 cum
663 1830 808 1896 viderunt
820 1831 929 1911 leram,
938 1829 1082 1896 leonibus
1094 1828 1232 1893 maxime
1244 1830 1290 1892 in·

197 1943 230 1993 32
249 1935 330 2000 festi.
345 1935 464 2000 Horum
473 1935 537 2000 vim
549 1942 583 2000 ut
592 1933 771 2000 ostenderet
779 1934 972 2014 Alexandro,
985 1933 1017 1997 in
1030 1939 1216 2016 conseptum
1229 1931 1291 1997 leo-

247 2061 320 2105 nem
344 2040 477 2106 eximiae
493 2040 720 2122 magnitudinis
736 2039 827 2104 iussit
850 2038 948 2104 emitti
973 2045 1005 2103 et
1019 2047 1073 2099 1111
1089 2036 1217 2101 omnino
1236 2035 1293 2100 ad-

248 2143 367 2208 moveri
377 2164 471 2209 canes
481 2143 551 2226 :qui
564 2143 708 2208 celeriter
720 2141 820 2208 leram
829 2147 1073 2227 occupaverunt.
1086 2141 1167 2204 Tum
1181 2161 1220 2206 ex
1229 2139 1290 2220 his,

248 2248 301 2330 qui
324 2254 530 2312 assueverant
552 2247 668 2311 talibus
692 2246 883 2326 ministeriis,
899 2265 980 2310 unus
1004 2245 1092 2309 canis
1107 2244 1192 2309 leoni
1216 2263 1289 2308 cum

247 2352 317 2416 aliis
340 2352 534 2417 inhaerentis
562 2371 634 2416 crus
661 2351 797 2416 avellere
828 2356 868 2430 et,
893 2349 967 2431 quia
996 2368 1065 2423 non,
1082 2348 1285 2430 sequebatur,

194 2472 227 2522 33
247 2455 328 2521 ferro
352 2463 517 2540 amputare
540 2455 655 2540 coepit.
701 2454 820 2520 Nesia
844 2452 973 2535 quidem
1003 2451 1179 2536 pertinacia
1202 2452 1289 2518 victa

245 2577 351 2624 rursus
374 2559 469 2623 aliam
492 2566 615 2643 partem
642 2577 751 2624 secare
773 2557 885 2622 institit
908 2563 939 2622 et
969 2555 1043 2622 inde
1066 2577 1129 2620 non
1152 2556 1284 2640 segnius

244 2661 460 2728 inhaerentem
494 2663 576 2728 ferro
607 2661 742 2727 subinde
777 2645 940 2726 caedebat.
995 2661 1053 2726 Ille
1087 2660 1120 2725 in
1153 2661 1284 2727 vulnera

245 2766 330 2832 ferae
354 2765 464 2832 dentes
488 2765 691 2831 moribundus
723 2784 849 2848 quoque
872 2763 1035 2830 infixerat:
1067 2770 1190 2828 tautam
1224 2763 1288 2829 illis

243 2870 429 2935 animalibus
446 2870 488 2936 ad
499 2869 680 2936 venandum
696 2869 903 2953 cupiditatem
921 2867 1126 2950 ingenerasse
1142 2873 1289 2931 naturam

193 2991 226 3041 34
244 2974 415 3039 memoriae
430 2973 590 3058 proditum
606 2981 662 3039 est.
710 2972 867 3054 Equidem
890 2972 982 3055 plura
997 2970 1175 3036 transcribo
1191 2991 1288 3053 quam

245 3076 357 3141 credo:
389 3098 463 3141 nam
492 3097 552 3143 nec
582 3076 742 3142 affirmare
773 3075 923 3156 sustineo,
948 3075 988 3140 dc
1019 3075 1133 3158 quibus
1164 3073 1287 3156 dubito,

194 3200 227 3251 35
246 3199 305 3246 nec
337 3180 522 3259 subducere,
555 3201 637 3263 quac
670 3180 790 3264 accepi.
838 3180 959 3244 Relicto
989 3180 1086 3262 igitur·
1119 3179 1287 3264 Sophythe

248 3285 280 3349 in
296 3303 354 3349 suo
373 3305 472 3368 regno
486 3284 528 3348 ad
544 3283 673 3349 fluvium
692 3283 837 3368 Hypasin
856 3284 1019 3367 processit,
1036 3283 1286 3368 Hephaestione,

248 3387 302 3470 qui
327 3386 484 3452 diversam
507 3389 670 3470 regionem
693 3388 873 3470 subegerat,
898 3388 1073 3452 coniuncto

194 3512 226 3562 36
332 3492 482 3574 Phegeus
506 3498 574 3556 erat
597 3492 702 3576 gentis
718 3491 881 3577 proximae
904 3513 977 3556 rex:
1001 3492 1054 3575 qui
1077 3492 1285 3578 popularibus

245 3594 310 3660 suis
333 3594 436 3660 colere
460 3613 564 3677 agros,
589 3602 624 3660 ut
651 3603 867 3676 assueverant,
893 3596 985 3660 iussis
1005 3595 1186 3661 Alexandro
1211 3618 1283 3662 cum

244 3697 334 3764 donis
359 3698 502 3779 occurrit,
526 3699 613 3780 nihil,
638 3698 723 3782 quod
745 3699 925 3784 imperaret,
949 3699 1140 3766 detrectans.
