2976 4322
377 217 628 274 HISTORIARUM
646 218 862 272 ALEXANDRI
880 217 945 270 VIII
962 218 986 271 2.
1143 219 1206 284 209

170 424 340 508 Amyntan,
379 433 558 510 praetorem
592 423 775 503 Alexandri,
812 422 866 486 diu
899 442 1018 506 anoeps
1052 423 1205 506 proelium

170 528 326 594 feeerant:
350 530 393 594 ad
415 529 557 594 ultimum
575 539 645 592 DCC
672 547 799 592 suorum
821 525 954 606 amissis,
980 547 1111 608 quorum
1140 537 1258 593 (10017

170 631 267 697 hostis
291 633 383 718 oepit,
416 633 533 698 dedere
563 641 655 716 terga
677 631 857 711 victoribus,
889 630 975 695 haud
1006 650 1082 696 sane
1105 631 1204 714 inulti,

170 736 284 821 quippe
314 747 413 826 LXXX
438 725 649 802 Macedonum
673 735 907 814 interfecerunt,
939 742 1127 818 praeterque
1151 756 1205 801 eos

170 849 233 903 000
261 847 334 905 etL
357 841 457 906 sauoii
479 840 557 906 faeti
580 847 660 906 sunt.
706 838 841 904 Veniam
870 845 978 904 tamen
1008 839 1104 904 etiam
1134 848 1206 924 post
1226 857 1258 907 18

169 947 299 1010 alteram
323 945 534 1011 defectionem
556 945 812 1030 impetraverunt.

141 1047 160 1116 8
273 1049 332 1114 His
354 1049 388 1112 in
410 1048 506 1114 fidem
528 1048 669 1134 aooeptis
691 1047 725 1112 in
746 1047 918 1130 regionem,
943 1067 1038 1130 quam
1060 1047 1257 1116 1111111111

168 1155 338 1238 appellant,
369 1173 427 1218 rex
457 1175 528 1218 eum
558 1161 624 1218 toto
656 1153 797 1218 exereitu
819 1151 914 1216 venit.
963 1151 1113 1236 Satrapes
1137 1161 1205 1218 erat

168 1257 369 1339 Sisimithres,
394 1258 516 1324 duobus
533 1279 573 1323 ex
604 1278 661 1322 sua
691 1264 791 1348 matre
820 1255 892 1320 filiis
922 1255 1055 1338 genitis:
1088 1257 1205 1341 quippe

167 1361 252 1448 apud
282 1382 337 1426 eos
367 1361 550 1446 parentibus
580 1369 688 1446 stupro
720 1360 805 1424 ooire
836 1380 908 1424 eum
938 1359 1044 1424 liberis
1071 1360 1122 1425 sas
1146 1369 1202 1426 est.

166 1467 198 1532 Is
221 1467 350 1532 armatis
380 1466 585 1551 popularibus
615 1464 725 1530 fauces
754 1463 902 1547 regionis,
934 1485 997 1546 qua
1026 1464 1058 1528 in
1089 1464 1205 1529 artissi-
1224 1483 1257 1532 20

166 1592 250 1635 mum
288 1570 419 1654 cogitur,
458 1569 564 1635 valido
602 1568 795 1633 munimento
834 1575 1006 1652 saepserat.
1064 1570 1206 1634 Praeter-

166 1673 283 1740 fluebat
305 1682 427 1740 torrens
451 1674 561 1755 amnis,
585 1680 677 1756 terga
695 1679 786 1757 petra
802 1671 986 1736 claudebat:
1011 1673 1093 1737 hano
1110 1695 1205 1738 manu

165 1779 308 1863 perviam
344 1779 468 1843 inoolae
502 1778 654 1868 fecerant.
713 1777 779 1842 Sed
812 1777 901 1842 aditu
934 1797 1048 1861 speous
1086 1777 1203 1861 aoeipit
1221 1795 1252 1843 21

165 1885 277 1964 luoem,
307 1883 457 1948 interiora
486 1883 547 1948 nisi
575 1882 663 1946 illato
693 1881 810 1946 lumine
841 1881 976 1945 obseura
1006 1887 1086 1945 sunt.
1133 1883 1206 1946 Per-

164 1995 277 2072 petuus
308 1987 469 2052 eunioulus
499 1987 559 2052 iter
588 1985 720 2071 praebet
750 1985 783 2048 in
806 2005 944 2069 campos,
971 1985 1114 2067 ignotum
1144 1985 1205 2050 nisi

164 2090 331 2174 indigenis.
378 2090 421 2154 At
443 2090 633 2170 Alexander,
658 2110 849 2172 quamquam
872 2088 1044 2171 angustias,
1069 2090 1204 2153 naturali
1223 2107 1256 2155 22

164 2197 226 2262 situ
247 2198 393 2278 munitas,
416 2196 524 2261 valida
546 2217 642 2260 manu
656 2195 782 2261 barbari
805 2197 981 2276 tuebantur,
1005 2198 1205 2262 1111111111-

163 2300 247 2366 tibus
281 2301 417 2368 admotis
447 2300 650 2379 munimenta,
686 2320 767 2381 quae
797 2321 893 2364 manu
923 2300 1074 2364 adiunota
1104 2309 1202 2382 erant,

163 2405 323 2470 ooneussit
345 2404 514 2487 fundisque
538 2411 569 2468 et
592 2403 717 2486 sagittis
744 2404 1012 2488 propugnantium
1034 2406 1203 2489 plerosque

164 2508 296 2574 deieoit:
332 2529 410 2591 quos
443 2509 498 2574 ubi
532 2508 692 2592 dispersos
727 2507 859 2590 fugavit,
894 2508 1001 2573 ruinas
1032 2509 1203 2574 munimen-

161 2620 265 2678 torum
288 2633 512 2697 supergressus
535 2612 578 2677 ad
600 2619 723 2696 petram
739 2611 879 2676 admovit
895 2613 1077 2677 exereitum.
1113 2613 1203 2678 Oete·
1221 2635 1254 2684 23

161 2738 231 2781 rum
253 2717 484 2782 interveniebat
506 2715 629 2798 fluvius,
655 2717 841 2781 coeuntibus
864 2717 954 2798 aquis
978 2737 1018 2781 ex
1042 2718 1202 2801 superiore

161 2821 291 2904 fastigio
307 2821 480 2902 invallem,
504 2821 676 2904 magnique
692 2820 797 2904 operis
813 2821 981 2885 videbatur
996 2829 1062 2885 tam
1077 2829 1201 2887 vastam

161 2924 348 3007 voraginem
371 2927 508 3009 explere.
555 2924 655 2989 Caedi
676 2931 784 2988 tamen
814 2925 943 2989 arbores
973 2932 1005 2989 et
1028 2945 1108 2990 saxa
1131 2947 1203 2991 eon·
1221 2945 1255 2996 24

161 3029 231 3111 geri
260 3029 368 3094 iussit:
399 3029 575 3112 ingensque
606 3028 758 3093 barbaros
789 3050 897 3113 pavor,
928 3029 1023 3094 rudes
1054 3029 1096 3093 ad
1126 3027 1229 3096 talia'

161 3154 269 3217 opera,
305 3141 516 3212 eonousserat,
552 3133 723 3198 excitatam
746 3135 862 3197 molem
892 3132 995 3198 subito
1027 3141 1200 3199 oernentes.

125 3237 277 3320 bltaque
307 3259 373 3318 rex,
404 3237 447 3302 ad
481 3237 675 3302 deditionem
697 3244 784 3302 metu
817 3257 913 3322 posse
935 3239 1083 3322 compelli
1105 3246 1201 3320 ratus,
1221 3259 1254 3308 as

161 3341 303 3407 Oxarten
327 3342 412 3407 misit
434 3327 571 3407 nationis
602 3342 753 3423 eiusdem,
785 3341 843 3407 sed
873 3341 1007 3406 dicionis
1031 3363 1116 3423 suae,
1149 3345 1203 3425 qui

161 3445 311 3510 suaderet
335 3445 417 3526 duoi,
448 3454 482 3511 11
512 3446 652 3511 traderet
674 3454 806 3531 petram.
852 3447 984 3512 Interim
1014 3447 1057 3511 ad
1086 3469 1203 3530 augen—
1221 3467 1254 3516 26

161 3550 238 3614 dam
271 3550 473 3616 formidinem
508 3557 539 3615 11
572 3558 674 3615 turres
708 3551 960 3616 admovebantur
998 3559 1029 3616 et
1068 3573 1203 3618 excussa

159 3654 325 3744 tormentis
348 3655 412 3719 tela
435 3654 622 3719 emicabant.
669 3655 783 3737 Itaque
799 3656 950 3721 verticem
973 3663 1091 3740 petrae,
1117 3658 1202 3722 omui

158 3757 224 3822 alio
247 3758 406 3843 praesidio
430 3759 589 3838 damnato,
614 3759 800 3843 petiverunt.
827 3760 868 3824 At
884 3759 1018 3825 Oxartes
1041 3761 1199 3846 trepidum
1218 3776 1251 3824 27

159 3861 420 3946 diffidentemque
442 3863 536 3928 rebus
564 3863 628 3928 suis
652 3863 850 3929 Sisimithren
874 3866 979 3950 eoepit
1002 3865 1129 3944 hortari,
1161 3873 1194 3929 ut

214 3999 312 4041 Curtius
326 3999 402 4042 Rufus
416 4010 464 4041 von
480 3999 602 4051 Stangl.
1064 3990 1095 4038 14
