3040 4318
481 205 733 260 HISTORIARUM
751 204 967 258 ALEXANDRI
984 204 1008 258 V
1029 207 1051 256 1.
1244 203 1284 267 91

247 411 332 477 haud
365 411 522 477 immerito
557 410 723 477 convertit.
766 410 951 476 Samiramis
984 431 1055 474 cam
1089 406 1285 490 condiderat,

245 536 318 597 ncn,
343 523 378 580 ut
393 515 540 602 plerique
556 514 731 596 credidere,
756 515 866 594 Belus,
878 514 973 580 ¹cuius
988 512 1080 597 regia
1095 513 1286 580 ostenditur.

243 620 367 702 Murus,
397 620 572 686 instructus
602 619 755 686 laterculo
778 618 895 702 coctili,
928 617 1084 691 bitumine
1114 617 1284 700 interlitus,
1305 630 1338 680 25
1378 642 1385 701 ,⁷

246 725 386 809 spatium
416 735 492 788 XXX
523 731 556 790 et
589 724 723 790 duorum
756 723 876 808 pedum
910 723 946 787 ia
982 721 1186 788 latitudinem
1223 744 1286 788 am-

244 830 412 915 plectitur:
445 829 623 912 quadrigae
645 830 731 894 inter
753 847 788 894 se
812 833 1018 894 occurrentes
1049 827 1119 893 sine
1142 827 1286 912 periculo

245 953 424 999 commeare
449 932 608 998 dicuntur.
648 932 793 997 Altitudo
816 930 940 996 muriL
964 931 1143 1004 cubitorum
1167 930 1285 996 eminet
1304 939 1338 991 26

245 1036 365 1122 spatio:
393 1042 497 1100 turres
520 1036 613 1102 denis
636 1036 773 1122 pedibus
797 1055 894 1119 quam
916 1054 1026 1100 murus
1048 1034 1178 1100 altiores
1201 1041 1285 1100 sunt.

243 1142 357 1207 Totius
372 1141 479 1226 operis
496 1141 633 1206 ambitus
650 1150 789 1204 OOOLXV
808 1139 915 1205 stadia
927 1138 1164 1224 complectitur:
1179 1139 1286 1222 singu·

243 1245 346 1311 lorum
369 1245 545 1311 stadiorum
575 1250 767 1312 structuram
797 1243 936 1326 singulis
966 1242 1081 1307 diebus
1105 1241 1283 1328 perfectam

243 1370 316 1416 esse
339 1349 511 1415 memoriae
534 1347 697 1434 proditum
720 1355 778 1413 est
812 1346 971 1412 Aedificia
985 1367 1049 1412 non
1065 1353 1139 1412 sunt
1154 1345 1285 1412 admota

242 1455 351 1535 muris,
383 1451 442 1520 sed
472 1453 539 1518 fere
570 1453 710 1538 spatium
740 1451 846 1535 iugeri
875 1451 970 1516 unius
999 1452 1124 1517 absunt.
1172 1451 1220 1516 Ac
1243 1472 1284 1516 ne
1302 1461 1336 1510 27

242 1566 343 1626 totam
367 1557 497 1644 quidem
520 1559 632 1623 urbem
654 1557 749 1622 tectis
773 1564 1010 1648 occupaverunt
1034 1595 1075 1605 ·-
1100 1578 1157 1642 per
1185 1567 1285 1620 LXXX

243 1664 347 1731 stadia
368 1663 574 1729 habitabatur
596 1699 639 1712 -
662 1683 723 1728 nec
745 1663 851 1728 omnia
881 1662 1031 1728 continua
1060 1669 1143 1744 sunt,
1176 1661 1281 1743 credo,

243 1769 319 1851 quia
352 1767 452 1833 tutius
487 1767 591 1834 visum
624 1773 675 1832 cst
708 1766 854 1851 pluribus
887 1766 967 1832 locis
1003 1765 1122 1851 spargi.
1170 1766 1284 1832 Cetera

242 1879 353 1936 serunt
376 1871 557 1952 coluntque,
589 1877 633 1950 ut,
669 1869 697 1935 si
728 1876 861 1935 externa
891 1870 942 1935 vis
972 1869 1110 1954 ingruat,
1143 1869 1283 1936 obsessis

242 1976 393 2042 alimenta
407 1995 448 2042 ex
463 1975 566 2059 ipsius
582 1975 671 2040 urbis
687 1975 754 2040 solo
772 1974 1073 2040 sumministrentur.
1098 1975 1280 2060 Euphrates
1299 1979 1334 2030 28

241 2079 395 2148 interfluit
416 2100 618 2164 magnaeque
640 2079 734 2145 molis
758 2080 975 2164 crepidinibus
998 2087 1172 2146 coercetur.
1218 2080 1283 2146 Sed

242 2185 384 2250 omnium
407 2184 491 2249 circa
520 2204 653 2269 operum
681 2183 936 2268 magnitudinem
965 2183 1097 2250 vincunt
1126 2205 1283 2252 cavernae

242 2291 401 2372 ingentes,
436 2290 468 2354 in
502 2289 705 2356 altitudinem
739 2310 871 2375 pressae
904 2289 947 2355 ad
976 2290 1200 2375 accipiendum
1229 2291 1283 2354 im·

243 2402 352 2482 petum
381 2395 537 2462 fluminis:
567 2396 661 2478 quod,
696 2397 752 2460 ubi
784 2395 952 2481 appositae
986 2396 1160 2482 crepidinis
1194 2396 1283 2461 iasti-

243 2501 332 2584 gium
355 2500 504 2582 excessit,
528 2501 617 2567 urbis
641 2508 727 2566 tecta
750 2500 931 2585 corriperet,
956 2501 1020 2566 nisi
1043 2507 1151 2566 essent
1166 2520 1282 2587 specus

243 2605 406 2685 lacusque,
431 2605 487 2686 qui
511 2603 705 2689 exciperent.
740 2603 853 2669 Coctili
876 2604 1031 2669 laterculo
1055 2606 1167 2670 structi
1197 2612 1280 2685 sunt,
1301 2619 1335 2669 29

243 2713 344 2772 totum
367 2727 447 2792 opus
470 2706 625 2773 bitumine
648 2708 847 2792 astringitur.
882 2708 966 2773 Pons
989 2708 1135 2792 lapideus
1158 2707 1282 2773 flumini

241 2811 412 2897 impositus
446 2812 552 2896 iungit
585 2812 705 2877 urbem.
752 2811 816 2876 Hic
849 2820 977 2895 quoque
1007 2813 1090 2877 inter
1123 2813 1282 2879 mirabilia

244 2915 384 2983 Orientis
408 2938 508 3002 opera
530 2925 716 2983 numeratus
739 2926 798 2983 est.
827 2917 954 3004 Quippe
978 2917 1159 3002 Euphrates
1181 2918 1281 2983 altum

241 3021 352 3086 limum
374 3021 479 3087 vehit:
496 3043 559 3104 quo
582 3022 709 3106 penitus
724 3022 768 3086 ad¹
782 3021 992 3086 fundamenta
1007 3022 1154 3087 iacienda
1170 3029 1281 3106 egesto
1316 3035 1326 3051 ’

240 3125 296 3189 vix
320 3123 483 3190 sufficiens
513 3125 603 3210 operi
633 3124 723 3190 firmo
753 3132 963 3210 reppererunt
993 3125 1110 3190 solum:
1142 3124 1281 3192 harenae
1300 3138 1334 3189 30

241 3235 348 3293 autern
371 3225 507 3295 subinde
531 3230 710 3295 cumulatae
734 3235 765 3294 et
789 3230 887 3311 saxis,
913 3230 986 3314 quis
1001 3250 1082 3314 pons
1098 3229 1279 3310 sustinetur,
1322 3273 1324 3277 ,

241 3353 387 3398 annexae
409 3340 572 3400 morantur
595 3355 734 3416 amnem,
766 3335 820 3416 qui
843 3342 985 3400 retentus
1008 3335 1114 3402 acrius
1137 3357 1231 3418 quam
1254 3336 1281 3401 si

204 3434 342 3505 51ibero
360 3457 460 3503 cursu
483 3445 604 3503 mearet
625 3439 766 3504 illiditur.
803 3437 920 3504 Arcem
939 3459 1066 3522 quoque
1087 3440 1209 3504 ambitu
1229 3450 1279 3502 XX
1299 3451 1330 3501 31

241 3540 346 3605 stadia
365 3541 565 3626 complexam
580 3539 707 3608 habent.
741 3552 817 3606 XXX
834 3542 934 3627 pedes
956 3542 988 3606 in
1010 3550 1127 3608 terram
1148 3542 1280 3607 turrium

241 3643 449 3710 fundamenta
471 3643 612 3710 demissa
635 3652 716 3726 sunt,
740 3646 781 3710 ad
804 3655 903 3708 LXXX
923 3665 1080 3710 summum
1095 3645 1280 3710 munimenti

241 3745 405 3830 fastigium
421 3749 576 3833 pervenit.
603 3748 706 3834 Super
721 3771 827 3814 arcem
845 3749 1067 3832 —vulgatum
1087 3750 1279 3816 Graecorum
1299 3759 1332 3809 32

241 3850 358 3917 fabulis
373 3852 568 3934 miraculum,
593 3853 732 3938 pensiles
748 3851 832 3917 horti
847 3860 928 3934 sunt,
949 3871 1105 3917 summam
1120 3873 1277 3917 murorum
