3040 4318
269 179 331 243 136
662 179 692 246 Q·
713 179 822 234 OURTI
841 180 928 236 RUFI

217 399 249 452 19
267 385 443 450 mitescere.
490 385 520 450 A
550 385 768 470 septentrione
796 385 952 469 ingruens
982 385 1015 451 in
1045 385 1122 450 litus
1149 406 1236 452 mare
1266 383 1312 450 in-

269 488 389 553 cumbit
412 489 573 572 longeque
596 489 665 573 agit
689 487 803 554 fluetus
830 496 861 554 et
876 509 995 573 magna
1010 496 1102 573 parte
1119 497 1312 555 exaestuans

270 599 408 674 stagnat.
435 593 526 658 Idem
542 593 607 658 alio
623 593 706 658 caeli
722 600 808 658 statu
823 593 938 678 recipit
953 592 988 658 in
1003 612 1038 658 se
1054 593 1172 658 fretum
1189 593 1313 658 eodem·

270 716 332 778 que
356 697 486 780 impetu,
519 715 582 780 quo
605 697 741 761 effusum
772 703 828 781 est,
858 697 1010 762 relabens
1038 703 1157 761 terram
1179 705 1313 763 naturae

271 819 348 865 suae
371 800 485 865 reddit.
529 801 570 865 Et
601 801 730 884 quidam
757 801 923 866 credidere
954 822 1018 868 non
1048 801 1195 865 clausurn
1227 823 1314 866 mare

271 922 352 986 esse,
377 905 491 970 sodex
508 905 603 970 India
618 905 651 968 in
666 905 864 989 Hyrcaniam
880 904 1004 985 cadere,
1026 904 1117 969 ouius
1134 905 1311 989 fastigium,

270 1015 306 1072 ut
328 1027 425 1093 supra
447 1009 567 1073 dictum
590 1017 648 1091 est,
673 1017 827 1094 perpetua
849 1009 935 1074 valle
958 1009 1171 1073 summittitur.

224 1135 258 1184 20
282 1187 283 1191 Ἰ
378 1112 463 1177 Hinc
486 1133 543 1178 rex
567 1123 618 1176 xx
641 1114 744 1179 stadia
767 1113 924 1198 processit
948 1112 1062 1177 semita
1084 1112 1314 1197 propemodum
1329 1115 1369 1186 13

270 1217 367 1302 invia,
398 1219 449 1282 cui
476 1217 558 1283 silva
580 1217 777 1297 imminebat,
806 1224 1029 1300 torrentesque
1053 1223 1085 1281 et
1112 1217 1234 1282 eluvies
1257 1217 1318 1282 iter

273 1321 491 1386 morabantur.
537 1322 636 1386 Nullo
669 1329 777 1387 tamen
811 1322 904 1386 hoste
935 1320 1028 1386 obvio
1060 1327 1217 1406 penetrat,
1251 1328 1318 1386 tan·

223 1447 255 1496 21
279 1425 414 1508 demque
438 1425 480 1491 ad
503 1425 638 1490 cultiora
663 1432 851 1510 perventum
874 1432 932 1491 est.
978 1425 1110 1490 Praeter
1132 1425 1214 1490 alios
1238 1445 1319 1490 com·

176 1550 179 1556 ’
274 1537 406 1610 meatus,
439 1549 572 1612 quorum
594 1536 661 1594 tum
684 1530 778 1614 copia
808 1529 898 1612 regio
929 1528 1122 1610 abundabat,
1156 1549 1319 1614 pomorum

276 1653 401 1715 quoque
426 1633 543 1715 ingens
565 1632 680 1699 modus
696 1633 847 1714 nascitur,
872 1641 904 1698 et
926 1633 1120 1698 uberrimum
1143 1621 1319 1716 gignendis

214 1758 260 1826 Ι22
277 1737 349 1802 uvis
373 1737 475 1802 solum
499 1743 555 1802 est.
596 1737 759 1819 Frequens
783 1737 877 1802 arbor
904 1737 1020 1802 faeiem
1044 1756 1179 1819 quereus
1202 1737 1320 1802 habet:

278 1837 368 1905 ouius
401 1840 480 1906 folia
502 1842 601 1905 multo
624 1865 721 1905 mooe
743 1841 838 1906 melle
860 1841 1034 1924 tinguntur,
1060 1840 1125 1922 sed,
1153 1840 1217 1906 nisi
1240 1841 1318 1906 solis

279 1952 380 2010 ortum
410 1943 536 2010 incolae
565 1945 802 2030 occupaverint,
838 1947 891 2011 vel
925 1941 1051 2010 modico
1082 1952 1193 2029 tepore
1227 1962 1322 2010 sucus

194 2033 196 2045 ¹
280 2048 483 2133 extinguitur.

228 2181 261 2232 23
383 2165 458 2218 XXX
485 2160 560 2225 hino
583 2156 689 2222 stadia
718 2162 927 2240 processerat,
962 2174 1033 2218 eum
1057 2153 1322 2238 Phrataphernes

283 2267 313 2332 ei
341 2267 486 2347 occurrit,
512 2283 610 2348 seque
640 2270 672 2327 et
702 2280 769 2340 eos,
793 2261 847 2342 qui
873 2265 946 2343 post
969 2259 1067 2322 Darei
1098 2264 1232 2322 mortem
1254 2276 1324 2341 pro

283 2373 445 2456 fugerant,
470 2370 611 2435 dedens:
639 2367 753 2450 quibus
776 2365 915 2448 benigne
940 2361 1083 2445 exceptis
1106 2362 1148 2426 ad
1171 2360 1323 2445 oppidum

171 2467 172 2472 ἵ
284 2477 387 2541 Arvas
421 2471 578 2561 pervenit.
625 2472 687 2536 Hio
723 2470 753 2535 ei
784 2469 932 2534 Craterus
967 2473 999 2531 et
1028 2465 1182 2549 Erigyius
1217 2483 1322 2529 oecur-

235 2596 268 2646 24
286 2588 375 2646 runt:
400 2579 598 2664 praefectum
620 2577 819 2660 Tapurorum
842 2571 949 2656 gentis
969 2569 1163 2634 Phradatem
1185 2567 1325 2633 adduxe-

287 2693 368 2750 rant.
414 2684 476 2749 Hic
507 2702 631 2766 quoque
665 2681 699 2746 in
732 2678 828 2743 fidem
861 2683 1011 2760 receptus
1041 2673 1149 2738 multis
1180 2673 1326 2757 exemplo

236 2805 269 2855 25
289 2790 349 2854 fuit
389 2785 575 2873 experiendi
618 2783 819 2850 clementiam
855 2780 954 2862 regis.
1017 2779 1174 2862 Satrapen
1212 2775 1327 2840 deinde

286 2893 470 2978 Hyrcaniae
494 2891 584 2956 dedit
608 2887 768 2973 Minapin:
784 2944 785 2947 ,
801 2886 875 2950 exul
905 2883 959 2948 hic
989 2889 1147 2966 regnante
1171 2881 1261 2946 Ocho
1285 2878 1327 2944 ad

286 2998 470 3082 Philippum
515 3000 716 3080 pervenerat.
785 2991 984 3074 Tapurorum
1029 3005 1154 3069 quoque
1199 2991 1327 3067 gentem

287 3101 442 3166 Phradati
466 3099 615 3166 reddidit.

746 3202 810 3255 cnr.
831 3199 863 3252 V.

255 3327 268 3375 1
392 3311 523 3392 Iamque
555 3307 668 3373 ultima
698 3304 881 3388 Hyrcaniae
912 3302 1094 3380 intraverat,
1132 3319 1203 3362 curn
1233 3296 1323 3360 Arta·
1336 3297 1375 3367 14

289 3417 395 3496 banus,
432 3435 526 3497 quem
556 3413 663 3476 Dareo
694 3409 882 3473 fidissimum
916 3405 1016 3470 fuisse
1048 3423 1144 3488 supra
1179 3401 1329 3481 diximus,

291 3542 361 3586 curn
383 3517 568 3604 propinquis
591 3510 691 3580 Darei
712 3535 752 3578 ao
783 3513 850 3578 suis
881 3509 991 3576 liberis
1023 3508 1213 3590 modicaque
1238 3505 1332 3570 Grae-

257 3640 400 3691 aeorum
430 3622 566 3688 militum
595 3641 691 3684 manu
722 3617 867 3683 occurrit.
922 3616 1077 3680 Dextram
1108 3611 1250 3678 venienti
1281 3610 1332 3674 ob·

293 3731 367 3795 tulit
388 3751 462 3793 rex:
495 3727 612 3810 quippe
636 3731 666 3789 et
689 3723 808 3807 hospes
831 3719 975 3805 Philippi
1005 3719 1119 3798 fuerat,
1152 3736 1224 3780 curn
1246 3712 1335 3780 Ocho

299 3841 458 3918 regnante
482 3833 633 3911 exularet,
665 3836 696 3893 et
726 3825 857 3911 hospitii
887 3824 1024 3910 pignora
1052 3821 1087 3886 in
1113 3840 1223 3902 regem
1246 3838 1336 3884 suum
