2976 4322
343 195 594 252 HISTORIARUM
611 195 827 249 ALEXANDRI
845 195 896 248 VII
915 198 938 247 7.
958 195 982 247 8.
1147 193 1206 258 191

171 405 304 471 habenis
331 409 460 470 evectus
490 425 609 487 magna
640 409 747 485 strage
778 421 833 466 eos
863 399 998 465 suderat.
1045 399 1110 466 Sed
1140 420 1211 464 oum
1231 410 1263 459 36

172 529 267 575 unum
295 528 404 574 omnes
427 514 578 592 peterent,
610 506 716 570 multis
738 505 920 570 vulneribus
944 505 1099 587 exanguis
1123 504 1211 588 Hyp-

171 613 271 680 sidem
304 612 461 696 quendam
493 633 533 677 ex
564 610 674 676 amicis
704 610 848 674 hortatus
879 616 935 689 est,
970 616 1005 673 ut
1034 609 1067 672 in
1097 629 1211 691 equum

172 739 262 784 sunm
298 717 484 784 escenderet
515 723 546 781 et
575 735 610 781 se
640 715 719 798 fuga
749 715 895 799 eriperet.
943 714 1032 778 Haec
1063 721 1211 796 agentem

171 823 277 888 anima
308 822 435 902 defecit,
471 841 647 906 corpusque
679 841 719 884 ox
749 839 830 902 equo
862 817 994 884 defluxit
1022 818 1055 882 in
1085 825 1210 883 terram.

171 927 338 1012 Hypsides
372 933 497 1012 poterat
528 924 656 1008 quidem
686 925 837 1008 effugere,
873 922 930 988 sed
964 923 1080 988 amisso
1111 923 1213 987 amico
1233 943 1266 994 37
1314 932 1316 938 '

170 1032 249 1096 mori
272 1031 390 1096 statuit.
438 1030 510 1097 Una
534 1037 602 1094 erat
625 1050 710 1110 cura,
734 1049 775 1093 ne
798 1029 915 1094 inuitus
946 1028 1122 1093 occideret:
1154 1027 1211 1092 ita-

172 1156 232 1218 que
256 1135 389 1201 subditis
413 1134 591 1200 calcaribus
615 1154 695 1215 equo
719 1134 751 1197 in
773 1132 895 1198 medios
909 1132 1008 1197 hostis
1032 1153 1066 1196 se
1081 1131 1209 1196 immisit

171 1247 203 1305 et
225 1239 421 1304 memorabili
444 1239 531 1304 edita
556 1259 665 1323 pugna
688 1238 817 1303 obrutus
840 1237 912 1302 telis
935 1244 992 1302 est.
1040 1236 1133 1313 Quod
1155 1238 1208 1302 ubi
1228 1256 1262 1307 33

170 1344 287 1424 videre,
312 1345 365 1425 qui
388 1343 479 1408 caedi
495 1350 689 1427 supererant,
713 1342 866 1408 tumulum
882 1344 976 1426 paulo
992 1362 1087 1424 quarn
1103 1349 1210 1406 cetera

171 1447 334 1513 editiorem
358 1447 503 1531 capiunt:
527 1467 606 1529 quos
631 1447 830 1531 Spitamenes
853 1446 938 1510 farne
961 1446 993 1509 in
1017 1445 1209 1510 deditionem

170 1553 358 1616 subacturus
386 1550 519 1616 obsedit.
546 1550 699 1615 Cecidere
714 1571 752 1614 eo
768 1550 887 1634 proelio
904 1549 1045 1634 peditum
1064 1561 1089 1612 ll
1112 1549 1207 1630 milia,
1228 1569 1261 1618 33

170 1667 236 1720 CCC
265 1656 397 1738 equites.
445 1656 548 1732 Quam
571 1654 696 1720 cladem
720 1655 903 1720 Alexander
932 1655 1050 1720 sollerti
1078 1653 1208 1720 consilio

168 1761 256 1841 texit,
288 1769 388 1826 morte
412 1760 599 1825 denuntiata
621 1757 680 1852 bis,
712 1761 766 1842 qui
790 1781 831 1826 ex
854 1760 975 1846 proelio
1002 1759 1207 1840 advenerant,

169 1867 193 1931 si
219 1874 292 1930 3333
314 1867 508 1948 vulgassent.

609 2041 674 2092 Gar.
695 2041 767 2092 VIII.

114 2179 160 2249 33
274 2177 420 2243 Ceterum
444 2199 515 2242 cum
538 2177 642 2242 animo
666 2177 826 2261 disparem
841 2177 962 2242 vultum
986 2177 1101 2242 diutius
1125 2178 1208 2242 ferre
1230 2200 1238 2248 1

166 2305 228 2348 non
259 2290 376 2367 posset,
407 2283 440 2346 in
469 2282 708 2347 tabernaculum
740 2303 836 2367 super
868 2283 970 2366 ripam
999 2281 1137 2346 fluminis
1167 2281 1208 2348 de

166 2387 322 2452 industria
358 2388 496 2452 locatum
530 2387 671 2452 secessit.
725 2388 773 2451 Ibi
812 2387 880 2452 sine
917 2386 1043 2452 arbitris
1081 2388 1241 2471 singulas

167 2492 263 2556 animi
287 2493 432 2557 consulta
454 2491 619 2576 pensando
649 2497 775 2557 noctem
798 2491 917 2575 vigiliis
941 2492 1088 2572 extraxit,
1109 2513 1206 2577 saepe

167 2596 302 2679 pellibus
336 2596 532 2661 tabernaculi
566 2595 721 2676 allevatis,
770 2603 805 2660 ut
839 2596 1037 2682 conspiceret
1070 2595 1207 2662 bostium

166 2700 267 2783 ignes,
303 2721 321 2765 e
356 2699 469 2783 quibus
503 2700 682 2764 coniectare
720 2707 852 2784 poterat,
892 2707 1010 2782 quanta
1047 2699 1207 2766 hominum

167 2802 334 2868 multitudo
358 2810 451 2868 esset.
498 2805 629 2885 Iamque
652 2803 707 2866 lux
734 2803 915 2888 appetebat,
941 2824 1012 2868 oum
1042 2803 1241 2872 thoracema

166 2907 293 2972 indutus
336 2907 481 2993 procedit
511 2905 553 2972 ad
583 2908 706 2989 milites,
730 2915 796 2972 tum
826 2909 960 2992 primum
991 2916 1063 2993 post
1093 2909 1206 2975 vulnus

166 3011 311 3098 proxime
350 3018 526 3095 acceptum.
583 3013 687 3076 Tanta
724 3020 792 3076 erat
829 3011 914 3096 apud
952 3033 1007 3077 eos
1044 3015 1243 3081 veneratior

165 3116 261 3199 regis,
294 3122 328 3180 ut
351 3115 447 3180 facile
478 3115 620 3200 periculi,
653 3116 738 3198 quod
768 3115 950 3198 horrebant,
982 3117 1207 3200 cogitationem

166 3219 347 3304 praesentia
381 3217 448 3284 eins
483 3226 654 3284 excuteret.
701 3220 792 3285 Laeti
830 3242 907 3305 crgo
943 3228 974 3286 et
1007 3223 1243 3290 manantibus5

166 3323 285 3408 gaudio
308 3323 448 3388 lacrimis
472 3325 671 3389 consalutant
702 3346 774 3390 eum
805 3332 845 3406 et,
877 3325 963 3408 quod
986 3333 1060 3390 ante
1083 3347 1209 3392 recusa-

166 3436 279 3494 verant
293 3428 422 3508 bellum,
446 3427 570 3494 seroces
587 3427 770 3513 deposcunt.
810 3429 869 3494 Ille
885 3450 919 3495 33
935 3430 1054 3496 ratibus
1070 3431 1207 3514 equitem
1226 3449 1242 3499 3

166 3533 423 3618 phalangemque
457 3538 742 3617 transportaturum
777 3554 847 3599 esse
882 3535 1071 3618 pronuntiat,
1111 3556 1206 3622 super

165 3645 251 3702 utres
280 3636 368 3702 iubet
401 3657 477 3702 nare
511 3637 611 3702 levius
645 3646 793 3702 armatos.
839 3639 935 3703 Plura
968 3661 1027 3704 nec
1062 3641 1124 3706 dici
1153 3657 1239 3708 resr

166 3741 359 3807 desideravit
370 3761 429 3805 neo
441 3761 498 3805 rex
510 3740 615 3806 dicere
627 3763 684 3826 per
695 3742 900 3808 valitudinem
912 3745 1022 3829 potuit.
1060 3746 1241 3811 Ceterum8

165 3853 255 3911 tanta
277 3843 443 3910 alacritate
465 3845 599 3910 militurn
624 3853 710 3912 rates
732 3847 858 3913 iunctae
881 3855 961 3930 sunt,
992 3855 1027 3914 ut
1049 3849 1131 3914 intra
1153 3851 1204 3915 tri-
1320 3906 1321 3910 ,
