2976 4322
274 197 334 259 176
661 197 691 264 Q.
711 196 819 250 OURTI
838 197 924 252 RUFI

236 402 403 471 cscientia
448 405 580 486 celeber,
626 404 743 487 alioqui
787 403 969 469 moderatus
1015 409 1047 469 et
1094 405 1221 490 probus.
1274 405 1307 469 Is

271 528 342 572 cum
364 508 526 594 praefatus
551 516 635 575 esset
658 509 747 590 scire,
772 529 864 574 servo
886 508 992 573 utilius
1008 528 1078 574 esse
1094 529 1207 593 parere
1222 508 1308 574 dicto

271 632 365 693 quarn
402 613 515 679 afferre
546 613 719 694 consilium,
752 633 823 678 cum
853 612 933 694 illos,
966 612 1019 695 qui
1049 620 1191 696 pareant,
1222 613 1307 679 idern

271 716 356 799 quod
379 725 502 783 ceteros
526 725 662 800 maneat,
687 719 740 800 qui
762 739 838 784 vero
866 716 1031 799 suadeant,
1062 718 1225 802 proprium
1248 718 1308 784 sibi

270 821 444 904 periculum
475 824 686 886 contrabant:
716 823 834 886 Bessus
863 845 936 887 cum
970 823 1168 908 intrepidum
1203 822 1309 886 dicere

271 927 374 1008 iussit,
398 929 545 1011 poculum
569 927 673 1008 etiam,
706 927 788 1009 quod
812 927 953 992 habebat
975 927 1008 991 in
1030 948 1134 1008 manu,
1165 927 1307 992 tradidit.

221 1046 253 1096 10
273 1029 343 1106 Quo
366 1039 499 1116 accepto
524 1031 675 1113 Gobares,
700 1032 861 1112 ‘Natura',
894 1031 1002 1114 inquit,
1031 1032 1223 1097 ‘mortalium
1246 1031 1308 1096 hoc

158 1209 161 1216 Ι
272 1155 396 1217 quoque
419 1136 545 1202 nomine
575 1157 676 1221 prava
706 1143 738 1202 11
768 1136 895 1201 sinistra
925 1136 988 1200 dici
1018 1143 1131 1221 potest,
1165 1134 1249 1220 quod
1275 1137 1307 1200 in

220 1255 250 1304 11
271 1258 328 1303 suo
352 1240 483 1322 quisque
506 1240 636 1323 negotio
658 1239 804 1305 hebetior
826 1246 874 1305 est
897 1260 992 1322 quam
1014 1240 1047 1304 in
1071 1241 1183 1306 alieno.
1231 1239 1309 1305 Tur-

246 1343 346 1408 ‘bida
380 1352 452 1409 sunt
490 1345 622 1410 consilia
659 1365 775 1425 eorum,
814 1344 867 1427 qui
904 1344 965 1409 sibi
1002 1343 1146 1409 suadent.
1193 1343 1308 1410 Obstat

269 1456 380 1530 metus,
397 1449 476 1514 alias
492 1449 658 1533 cupiditas,
674 1469 909 1531 nonnumquam
923 1448 1076 1514 naturalis
1092 1469 1208 1530 eorum,
1226 1469 1307 1531 quac

270 1542 513 1635 excogitaveris,
546 1574 650 1617 amor:
688 1574 762 1617 nam
796 1552 828 1616 in
863 1558 893 1617 11
928 1552 1076 1636 superbia
1112 1573 1176 1617 uon
1211 1551 1306 1616 cadit.

270 1655 428 1740 Expertus
465 1677 499 1722 cs
544 1657 577 1721 id
611 1677 775 1739 quemque,
815 1655 899 1738 quod
932 1656 1001 1740 ipse
1034 1656 1218 1740 reppererit,
1253 1661 1308 1720 aut

221 1775 252 1824 12
271 1762 372 1826 solum
410 1768 465 1825 aut
499 1761 652 1846 optimum
687 1761 812 1826 ducere.
866 1760 1018 1843 Magnum
1055 1780 1133 1824 onus
1171 1760 1307 1824 sustines

271 1865 385 1949 capite,
416 1865 539 1948 regium
562 1865 704 1948 insigne:
735 1865 797 1929 hoc
821 1871 876 1928 aut
898 1864 1063 1929 moderate
1085 1863 1308 1948 perferendum

271 1976 319 2034 est
342 1976 396 2033 aut
412 2008 453 2016 —
470 1969 555 2052 quod
570 1970 733 2034 abominor
746 1969 832 2033 -in
854 1976 886 2034 11
909 1974 988 2034 ruet.
1013 1967 1161 2048 Ocnsilio,
1175 1988 1238 2033 non
1253 1967 1308 2032 im-

221 2087 252 2136 13
271 2079 347 2158 petu
377 2092 456 2156 opus
484 2074 556 2138 cst'.
592 2073 699 2138 Adicit
722 2073 838 2138 deinde
851 2110 891 2120 -
905 2073 990 2156 quod
1013 2073 1099 2158 apud
1121 2071 1307 2136 Bactrianos

270 2179 366 2260 vulgo
386 2179 635 2262 usurpabant-
649 2199 761 2243 canem
783 2177 927 2242 timidum
949 2177 1169 2242 vehementius
1192 2177 1307 2240 latrare

271 2303 365 2364 quam
388 2283 542 2363 mordere,
575 2281 730 2348 altissima
753 2301 897 2365 quaeque
926 2280 1056 2346 flumina
1077 2281 1206 2345 minimo
1229 2300 1307 2345 sono

270 2387 343 2452 labi.
400 2387 488 2464 Quae
523 2387 648 2468 inserui,
684 2392 727 2468 ul,
767 2387 1005 2468 qualiscumque
1041 2385 1123 2450 inter
1155 2385 1308 2449 barbaros

220 2503 251 2552 14
272 2491 371 2574 potuit
402 2511 481 2572 esse,
513 2491 681 2576 prudentia
709 2491 897 2556 traderetur.
944 2491 1013 2556 His
1033 2489 1227 2554 audientium
1257 2510 1310 2554 ex-

270 2595 483 2680 pectationem
518 2595 736 2680 suspenderat,
779 2601 845 2659 tum
876 2595 1041 2660 consilium
1071 2593 1173 2680 aperit
1202 2593 1308 2658 utilius

270 2701 369 2764 Besso
394 2720 488 2782 quam
511 2700 648 2783 gratius:
691 2700 741 2764 ‘In
764 2700 938 2780 vestibulo',
963 2699 1071 2781 inquit,
1091 2697 1213 2781 ‘regiae
1236 2704 1308 2762 tuae

270 2803 488 2869 velocissimus
526 2804 669 2869 consistit
698 2825 771 2869 rex:
802 2811 876 2869 ante
912 2804 965 2868 ille
1004 2824 1119 2886 agmen
1150 2822 1244 2884 quam
1274 2808 1308 2866 tu

221 2921 252 2970 15
270 2929 413 2973 mensam
450 2909 545 2973 istam
582 2909 734 2974 movebis.
788 2909 881 2973 Nunc
918 2909 958 2974 ab
996 2907 1098 2972 Tanai
1135 2906 1308 2971 exercitum

191 3061 193 3066 s
270 3032 416 3078 accerses
453 3019 483 3078 et
518 3013 613 3079 armis
646 3011 776 3077 flumina
809 3032 960 3096 oppones.
1018 3010 1155 3091 Scilicet,
1180 3030 1242 3091 qua
1275 3015 1308 3073 tu

270 3115 431 3200 fugiturus
468 3137 511 3197 es,
550 3117 652 3182 hostis
690 3117 780 3199 sequi
816 3138 879 3182 non
916 3117 1036 3202 potest!
1084 3115 1149 3180 1111
1184 3114 1309 3196 utrique

271 3241 435 3286 commune
471 3228 527 3302 est,
563 3221 675 3286 victori
709 3221 815 3286 tutius.
871 3221 962 3285 Licet
996 3227 1157 3286 strenuum
1190 3224 1309 3283 metum

218 3336 251 3386 16
269 3332 362 3412 putes
397 3345 477 3406 esse,
512 3325 653 3390 velocior
681 3332 788 3390 tamen
819 3345 893 3410 spes
924 3331 982 3390 est.
1029 3323 1112 3400 Quin
1146 3321 1309 3388 validioris

269 3449 407 3514 occupas
430 3429 566 3513 gratiam
598 3428 750 3511 dedisque
780 3436 823 3510 te,
853 3434 1023 3511 utcumque
1043 3427 1182 3507 cesserit,
1203 3426 1310 3492 melio-

219 3545 251 3594 17
270 3554 337 3599 rem
360 3534 519 3598 fortunam
542 3533 667 3599 deditus
692 3554 787 3616 quarn
809 3533 911 3599 hostis
934 3530 1124 3598 habiturus?
1161 3531 1309 3595 Alienum

270 3638 372 3703 habes
394 3659 537 3721 regnum,
562 3659 624 3720 quo
646 3637 770 3704 facilius
794 3658 832 3704 eo
856 3659 976 3704 careas.
1014 3636 1152 3722 Incipies
1174 3635 1308 3700 forsitan

270 3742 370 3807 iustus
394 3762 464 3807 esse
489 3763 555 3822 1111,
581 3763 651 3806 eum
674 3743 742 3826 ipse
765 3742 887 3823 fecerit,
913 3743 965 3825 qui
992 3743 1049 3807 tibi
1064 3747 1096 3806 11
1112 3740 1189 3805 darc
1205 3744 1309 3824 potest

222 3857 254 3907 18
272 3866 406 3928 regnum
430 3852 461 3910 11
484 3846 614 3929 eripere.
662 3844 834 3910 Consilium
864 3845 965 3911 habes
994 3843 1105 3910 fidele:
1136 3842 1221 3926 quod
1244 3842 1310 3906 diu·
