3028 4322
412 247 661 301 HISTORIARUM
680 247 892 301 ALEXANDRI
912 250 949 302 lll
971 252 1010 302 10.
1033 254 1071 303 ll.
1221 252 1262 317 23

226 452 392 536 excedere,
430 474 501 519 cum
534 451 635 520 hostis
667 454 799 519 instaret
833 475 853 518 a
887 455 999 536 fronte,
1035 478 1055 521 a
1088 465 1180 542 tergo
1215 459 1263 524 sui

174 554 384 640 dlurgerent.
441 558 628 623 Alexander
659 579 721 623 non
755 558 845 623 ducis
882 559 986 643 magis
1024 580 1118 642 quam
1154 562 1298 628 militur

225 662 332 728 munia
355 663 582 752 exequebatur,
609 662 748 746 opimum
771 663 868 728 decus
892 683 985 730 caeso
1000 686 1077 748 rege
1093 673 1264 751 expetens:
1298 690 1301 698 ·

226 768 345 852 quippe
367 768 493 834 Dareus
522 789 614 834 curru
644 768 788 834 sublimis
819 770 988 850 eminebat,
1019 779 1051 836 et
1077 772 1142 838 suis
1165 773 1265 838 adse

225 870 377 938 tuendum
393 879 425 936 et
439 871 583 937 hostibus
598 871 641 936 ad
656 872 878 939 incessendum
892 873 1005 958 ingens
1017 875 1262 941 incitamentum·

227 977 314 1059 Ergo
337 975 436 1042 frater
465 976 533 1041 eius
557 975 725 1058 Oxathres,
758 997 829 1042 curn
851 977 1069 1043 Alexandrum
1091 979 1210 1045 instare
1235 979 1299 1045 eis

227 1087 380 1160 comeret,
411 1081 543 1164 equites,
575 1080 690 1163 quibus
721 1089 877 1165 praeerat,
907 1090 982 1148 ante
1011 1083 1117 1167 ipsum
1140 1103 1265 1148 currum

226 1185 313 1268 regis
337 1185 461 1250 obiecit.
509 1185 615 1250 Armis
638 1191 670 1250 et
700 1186 815 1250 robore
846 1186 985 1272 corporis
1015 1187 1147 1252 multum
1171 1207 1266 1272 super

227 1296 350 1355 ceteros
374 1289 527 1368 eminens,
557 1289 663 1354 animo
687 1309 762 1356 vero
786 1298 817 1355 et
847 1291 966 1375 pietate
996 1291 1029 1355 in
1051 1292 1263 1377 paucissimis,

227 1395 280 1458 illo
303 1395 414 1477 utique
436 1394 556 1478 proelio
580 1394 695 1475 clarus,
722 1395 802 1460 alios
818 1395 996 1480 improvide
1018 1396 1174 1462 instantes
1198 1417 1266 1482 pro·

227 1499 348 1580 stravit,
372 1499 453 1564 alios
475 1499 508 1563 in
530 1498 640 1581 fugam
663 1499 786 1564 avertit.
823 1499 865 1564 At
881 1498 1083 1582 Macedones,
1109 1502 1167 1586 qui
1183 1501 1300 1566 circas

226 1623 337 1687 regem
368 1610 465 1684 erant,
497 1610 605 1668 mutua
635 1602 857 1669 adhortatione
887 1602 1000 1668 firmati
1031 1625 1104 1670 cum
1134 1605 1204 1690 ipso
1234 1605 1266 1670 in

228 1708 369 1791 equilum
402 1727 518 1791 agmen
555 1708 740 1792 irrumpunt.
786 1708 868 1772 Turn
902 1729 978 1773 vero
1011 1709 1123 1774 similis
1156 1709 1266 1775 ruinae

228 1821 352 1897 strages
377 1819 453 1878 erat.
501 1809 594 1878 (linea
623 1830 750 1876 currum
773 1811 871 1876 Darei
901 1811 1050 1876 iacebant
1079 1811 1266 1878 nobilissimi

228 1917 336 1999 ducet,
361 1924 435 1982 ante
458 1916 567 1981 oculos
590 1916 676 1999 regis
700 1917 833 1999 egregia
854 1923 955 1981 morte
979 1916 1128 1998 defuncti,
1157 1937 1267 1982 omncs

228 2021 260 2084 in
294 2041 350 2085 ora
383 2020 482 2106 proni,
518 2020 600 2085 sieut
633 2019 820 2085 dimicantes
854 2021 1096 2105 procubuerant,
1131 2021 1265 2086 adverso

229 2145 361 2210 corpore
398 2125 580 2191 vulneribus
616 2124 768 2210 acceptis.
830 2124 918 2189 Inter
961 2124 1021 2190 hos
1057 2125 1189 2208 Atizyes
1234 2132 1319 2193 etro

228 2228 451 2294 Rheomithres
485 2235 517 2294 et
548 2228 699 2310 Sabaces,
734 2235 862 2312 praetor
894 2228 1046 2314 Aegypti,
1080 2249 1266 2312 magnomm

228 2333 423 2398 exercituum
445 2332 607 2418 praefecti,
639 2333 891 2398 noscitabantur:
922 2333 1007 2398 eirca
1030 2353 1085 2398 eos
1108 2333 1267 2398 cumulata

229 2445 296 2503 erat
318 2437 461 2521 peditum
492 2437 695 2520 equitumque
725 2436 886 2503 obscurior·
907 2438 1009 2502 turba
1056 2437 1267 2502 Macedonum

229 2560 353 2624 quoque
376 2563 440 2606 non
463 2539 591 2625 quidem
612 2541 711 2622 multi,
737 2542 794 2608 sed
817 2541 1044 2627 promptissimi
1059 2548 1165 2606 tamen
1181 2541 1266 2606 caesi

229 2653 316 2710 sunt:
340 2646 423 2710 inter
438 2665 518 2730 quos
530 2644 704 2710 Alexandri
720 2646 866 2711 dextrum
882 2646 984 2710 femur
995 2644 1107 2710 leviter
1118 2665 1267 2710 mucrone

228 2750 429 2836 perstrictum
463 2757 522 2816 est.
567 2750 699 2832 Iamque
733 2751 786 2832 qui
821 2751 961 2815 Dareum
991 2747 1153 2816 vehebant
1182 2750 1265 2832 equi,
1287 2766 1316 2814 11

229 2854 367 2920 confossi
405 2853 507 2919 hastis
544 2861 577 2919 et
614 2854 724 2918 dolore
762 2855 883 2920 efferati
919 2855 1028 2937 iugum
1067 2861 1198 2936 quatere
1236 2861 1268 2919 et

228 2979 337 3041 regem
361 2978 453 3023 curru
484 2966 634 3024 excutere
664 2965 851 3044 coeperant:
884 2979 955 3023 cum
980 2958 1043 3040 ille,
1067 2959 1194 3040 veritus,
1226 2978 1267 3024 ne

230 3062 321 3128 vivus
344 3062 466 3128 veniret
488 3061 519 3128 in
543 3061 679 3128 hostium
702 3070 900 3147 potestatem,
925 3062 1031 3128 desilit
1045 3069 1077 3128 et
1092 3062 1125 3128 in
1141 3083 1265 3145 equum,

230 3166 283 3250 qui
316 3164 359 3232 ad
393 3165 453 3231 hoc
486 3165 592 3250 ipsum
631 3166 833 3249 sequebatur,
869 3167 1049 3252 imponitur,
1088 3166 1267 3249 insignibus

230 3290 355 3354 quoque
377 3271 510 3358 imperii,
541 3291 582 3336 ne
605 3271 715 3355 fugam
736 3270 917 3356 proderent,
949 3270 1098 3336 indecore
1120 3270 1264 3336 abiectis.

229 3375 310 3439 'llnn
340 3394 415 3440 vero
446 3375 543 3440 ceteri
573 3374 766 3459 dissipantur
795 3381 881 3440 metu
912 3382 952 3456 et,
988 3395 1052 3457 qua
1082 3374 1195 3457 cuique
1225 3374 1267 3440 ad
1287 3389 1319 3438 12

229 3478 340 3562 fugam
354 3479 486 3565 patebat
501 3479 562 3560 via,
588 3487 764 3564 erumpunt,
782 3499 870 3544 arma
884 3479 1045 3559 iacientes
1070 3499 1152 3561 quae
1171 3480 1267 3563 paulo

229 3591 304 3650 ante
326 3584 369 3649 ad
390 3583 522 3648 tutelam
539 3603 705 3668 corporum
722 3589 937 3670 sumpserant:
961 3582 1042 3648 adeo
1058 3603 1157 3667 pavor
1173 3583 1267 3648 etiam

230 3687 349 3752 auxilia
382 3685 539 3752 formidat.
597 3687 740 3752 Instabat
773 3686 968 3770 fugientibus
1002 3706 1101 3769 eques
1138 3707 1158 3751 a
1195 3687 1267 3752 Par·
1287 3700 1319 3750 13

230 3791 375 3856 menione
406 3790 548 3871 emissus,
581 3799 612 3856 et
642 3791 723 3856 forte
753 3791 785 3854 in
815 3789 895 3876 illud
925 3811 1023 3855 cornu
1053 3810 1163 3855 omnes
1189 3790 1267 3874 fuga

231 3893 414 3960 abstulerat.
474 3893 516 3958 At
553 3894 586 3958 in
623 3893 736 3959 dextro
773 3895 889 3959 Persae
926 3893 1099 3959 Thessalos
1143 3893 1267 3976 equites
