2976 4322
386 225 636 281 HISTORIARUM
654 225 869 280 ALEXANDRI
887 227 938 280 VH
957 230 980 280 4.
1000 230 1024 282 5.
1163 227 1224 291 179

186 429 294 514 inquit,
323 429 412 513 ‘dics,
445 453 506 514 quo
529 439 584 497 aut
613 432 747 497 victoria
776 439 831 496 aut
860 440 960 496 morte
992 432 1224 514 honestissima,

188 537 296 617 quales
319 537 438 602 amicos
462 543 493 602 ct
523 537 637 602 milites
661 535 845 601 Alexander
874 536 1001 617 habeat,
1033 535 1224 602 ostendam'.

186 641 254 706 Nec
289 642 380 725 plura
413 643 555 706 elocutus
587 661 703 724 equum
731 642 764 706 in
794 640 918 706 hostem
948 641 1023 724 egit.
1071 641 1224 706 Crederes
1244 653 1277 703 35

186 744 383 829 imperatum,
410 753 444 811 ut
466 738 552 812 acies
575 753 728 828 utraeque
750 747 815 811 tela
837 745 1031 810 cohiberent.
1078 745 1224 810 Protinus

187 857 272 916 certe
295 857 502 931 recesserunt,
522 851 597 916 dato
620 851 720 916 libero
751 851 864 935 spatio,
888 850 999 916 intenti
1022 851 1054 914 in
1078 856 1225 915 eventum

187 973 249 1018 non
272 955 387 1020 ducum
409 954 513 1036 modo,
538 954 714 1020 sedetiam
737 975 814 1020 suae
830 954 931 1036 sortis,
955 955 1072 1040 quippe
1088 955 1225 1019 alienum

188 1059 356 1124 discrimen
379 1060 524 1125 secuturi.
564 1060 654 1124 Prior
676 1060 829 1124 barbarus
845 1059 948 1124 emisit
964 1059 1107 1124 hastam:
1131 1079 1225 1141 quam
1245 1071 1278 1120 36

189 1164 338 1247 Erigyius
361 1164 487 1229 modica
518 1164 632 1248 capitis
663 1163 875 1228 declinatione
898 1163 1010 1228 vitavit
1039 1171 1135 1245 atque
1158 1163 1226 1246 ipse

187 1268 337 1334 infestam
371 1268 513 1349 sarisam,
537 1288 618 1350 equo
652 1268 828 1332 calcaribus
863 1268 1032 1348 concitato,
1054 1267 1087 1331 in
1121 1267 1226 1332 medio

188 1373 314 1438 barbari
337 1380 463 1456 gutture
479 1373 524 1438 ita
538 1373 615 1453 fixit,
638 1380 673 1437 ut
688 1393 746 1456 per
761 1372 918 1437 cervicem
933 1372 1094 1437 emineret.
1134 1373 1227 1436 Prae·
1245 1381 1279 1433 37

189 1477 337 1562 cipitatus
367 1498 408 1543 ex
439 1496 520 1559 equo
553 1477 707 1542 barbarus
741 1477 848 1541 adhue
882 1483 987 1540 tamen
1018 1477 1226 1561 repugnabat.

189 1581 254 1648 Sed
277 1582 329 1647 ille
352 1589 529 1646 extractam
552 1603 570 1646 e
592 1583 723 1646 vulnere
745 1581 872 1646 hastam
887 1601 994 1645 rursus
1010 1581 1042 1645 in
1059 1601 1094 1645 os
1110 1580 1227 1663 dirigit.

191 1685 414 1752 Satibarzanes
448 1707 544 1750 manu
567 1687 760 1770 complexus,
796 1705 858 1767 quo
892 1685 1044 1749 maturius
1077 1685 1227 1765 interiret,

187 1791 285 1856 ictum
319 1790 419 1856 hostis
453 1790 584 1856 adiuvit.
619 1791 660 1854 Et
693 1790 820 1855 barbari
854 1789 935 1854 duce
969 1789 1095 1869 amisso,
1135 1809 1227 1872 quem
1247 1795 1281 1848 38

188 1897 293 1982 magis
317 1897 506 1962 necessitate
529 1916 624 1978 quam
647 1901 759 1979 sponte
783 1894 883 1959 secuti
907 1901 1005 1974 erant,
1029 1900 1115 1974 tunc,
1144 1893 1230 1957 haud

188 2001 386 2066 immemores
408 2000 590 2065 meritorum
613 1998 797 2079 Alexandri,
824 2020 913 2063 arma
935 1997 1067 2082 Erigyio
1090 1996 1228 2062 tradunt.

189 2107 267 2186 Rex,
286 2106 336 2172 his
360 2105 489 2188 quidem
511 2106 623 2184 laetus,
647 2103 688 2168 de
701 2103 879 2187 Spartanis
909 2101 1157 2184 haudquaquam
1180 2122 1226 2166 se·
1245 2112 1279 2162 39

188 2231 290 2292 eurus,
314 2230 431 2293 magno
453 2216 561 2274 tamen
584 2209 689 2274 animo
713 2208 875 2273 defectum
891 2227 999 2272 eorum
1015 2207 1094 2287 tulit,
1119 2206 1229 2271 dicens

187 2322 349 2381 nonanto
379 2334 473 2380 ausos
504 2312 635 2378 consilia
667 2311 788 2378 nudare
820 2331 914 2394 quarn
943 2312 1047 2396 ipsum
1077 2310 1119 2375 ad
1152 2310 1230 2376 fines

187 2420 298 2485 Indiae
321 2419 504 2504 pervenisse
527 2425 728 2501 cognossent.

290 2523 370 2589 Inde
393 2524 526 2588 Bessum
545 2541 739 2607 persequens
756 2521 865 2606 copias
881 2520 997 2585 movit:
1014 2519 1064 2583 eui
1080 2518 1230 2602 Erigyius
1250 2527 1284 2577 40

186 2628 312 2696 barbari
343 2635 447 2712 caput,
472 2627 611 2712 opimum
641 2626 717 2691 belli
743 2625 851 2705 decus,
875 2624 1059 2709 praeferens
1082 2624 1230 2694 occurrit.

650 2818 716 2871 Gar.
735 2816 769 2870 V.

133 2927 178 2999 20
293 2942 396 3026 Igitur
418 2940 658 3006 Bactrianorum
689 2937 820 3020 regione
843 2935 1004 3000 Artabazo
1027 2934 1146 2999 tradita
1168 2943 1265 3000 sar-l

186 3049 275 3114 cinas
299 3053 331 3113 et
352 3045 581 3132 impedimenta
610 3043 655 3109 ibi
686 3063 758 3107 oum
789 3039 950 3126 praesidio
980 3039 1138 3121 relinquit,
1162 3038 1232 3124 ipse

187 3174 259 3218 curn
282 3151 435 3237 expedito
457 3149 585 3232 agmine
615 3149 687 3212 loca
717 3146 845 3210 deserta
868 3143 1101 3227 Sogdianorum
1125 3142 1230 3224 intrat,

186 3264 338 3323 nocturno
367 3255 479 3320 itinere
510 3253 683 3319 exercitum
710 3250 838 3315 ducens.
885 3247 1057 3331 Aquarum,
1088 3253 1123 3312 ut
1153 3254 1265 3313 antea

189 3364 388 3442 dictumest,
420 3359 552 3445 penuria
574 3358 661 3442 prius
692 3354 915 3440 desperatione
945 3373 1040 3436 quam
1072 3351 1231 3418 desiderio

187 3467 317 3535 bibendi
348 3465 432 3534 sitim
462 3463 618 3530 accendit.
664 3463 726 3526 Per
758 3469 845 3524 cccc
875 3458 980 3526 stadia
1013 3478 1053 3522 ne
1087 3456 1231 3523 modicus

188 3573 315 3658 quidem
337 3571 451 3636 humor
474 3567 589 3634 existit.
636 3566 782 3630 Harenas
806 3582 906 3648 vapor
936 3561 1049 3627 aestivi
1080 3553 1155 3626 solis
1178 3582 1229 3626 ac·
1248 3569 1263 3620 3

188 3676 312 3743 cendit:
344 3685 426 3758 quae
449 3673 503 3738 ubi
525 3670 663 3754 flagrare
695 3674 876 3754 coeperunt,
909 3665 996 3730 haud
1019 3685 1112 3730 secus
1137 3685 1232 3747 quam

188 3778 364 3846 continenti
399 3776 547 3842 incendio
582 3781 697 3840 cuncta
731 3778 901 3839 torrentur.
949 3767 1063 3852 Caligo
1101 3767 1268 3851 deinde,4

188 3883 358 3950 immodico
381 3889 486 3948 terrae
520 3881 646 3946 fervore
680 3878 830 3958 excitata,
855 3877 958 3941 lucem
980 3874 1074 3957 tegit,
1104 3894 1232 3959 campo·

1078 3995 1127 4049 12*
