3040 4318
416 224 666 281 HISTORIARUM
684 227 899 282 ALEXANDRI
917 227 955 280 IV
976 231 1015 280 13.
1037 231 1076 280 14.
1223 231 1262 295 ’Π

224 427 256 492 in
279 428 344 494 illis
367 430 509 498 colendis
532 434 749 518 ornandisque
771 453 925 520 usurpare
940 436 1094 502 victoriae
1109 438 1263 522 praemia.

225 529 317 596 Haec
340 552 376 598 se
399 533 534 601 fortibus
557 537 635 604 viris
658 537 775 604 dicere.
824 539 859 604 Si
882 539 937 623 qui
960 538 1131 606 dissimilet
1155 551 1299 606 eorum?

225 643 342 718 essent,
366 637 423 703 illa
445 639 547 708 fuisse
570 640 745 706 dicturum:
770 640 957 728 pervenisse
980 664 1027 729 eo,
1050 645 1135 710 unde
1151 645 1264 730 fugere

223 758 287 804 non
309 749 450 824 possent.
497 744 558 808 Tot
580 751 736 810 terrarum
753 747 860 831 spatia
875 748 1024 828 emensis,
1048 755 1095 814 tot
1117 749 1264 816 amnibus

223 844 447 928 montibusque
480 855 553 932 post
586 857 715 934 tergum
748 850 883 916 obiectis
912 852 973 917 iter
1002 852 1035 916 in
1064 849 1202 938 patriam
1232 862 1264 919 et

223 955 358 1031 penates
381 973 476 1017 manu
493 973 565 1019 esse
579 953 772 1020 faciendum.
790 993 830 1002 -
845 957 900 1022 Sic
922 957 1031 1036 duces,
1057 956 1104 1023 sic
1126 958 1263 1042 proximi
1282 965 1298 1016 8

223 1052 361 1120 militum
383 1055 528 1122 instincti
551 1065 633 1124 sunt.

170 1151 213 1221 53
330 1161 457 1228 Dareus
479 1163 513 1226 in
542 1163 635 1231 laevo
665 1185 764 1230 comu
794 1172 870 1246 erat,
901 1187 1019 1250 magno
1049 1187 1178 1232 suorum
1208 1189 1262 1252 ag-

222 1264 318 1348 mine,
355 1266 490 1333 delectis
524 1268 669 1351 equitum
692 1269 902 1354 peditumque
925 1271 1073 1356 stipatus,
1100 1280 1262 1358 contemp-

222 1377 371 1451 seratque
398 1372 594 1457 paucitatem
624 1373 739 1454 hostis,
772 1396 888 1441 vanam
911 1375 1015 1441 aciem
1031 1395 1103 1441 esse
1122 1378 1261 1442 extentis

223 1476 372 1542 cornibus
394 1483 494 1542 ratus.
539 1477 698 1561 Ceterum,
724 1479 809 1544 sicut
831 1499 925 1544 curru
950 1480 1122 1564 eminebat,
1148 1481 1297 1546 dextrae

221 1578 378 1662 laevaque
415 1581 457 1646 ad
495 1581 735 1650 circumstantia
768 1583 899 1666 agmina
937 1584 1047 1648 oculos
1085 1605 1262 1668 manusque

223 1681 460 1766 circumferens,
494 1687 705 1768 ‘Terrarum’,
740 1687 854 1770 inquit,
887 1690 979 1771 ‘quas
1009 1689 1157 1754 Oceanus
1188 1689 1262 1755 hinc

221 1788 322 1873 alluit,
352 1785 442 1855 illinc
473 1790 595 1856 claudit
628 1791 868 1878 Hellespontus,
900 1793 996 1878 paulo
1026 1801 1100 1858 ante
1131 1793 1260 1875 domini,

222 1895 285 1960 iam
308 1915 372 1959 non
395 1897 435 1961 de
459 1897 570 1982 gloria,
594 1897 654 1964 sed
677 1898 718 1964 de
742 1899 845 1964 salute
869 1906 910 1979 et,
943 1897 1030 1982 quod
1053 1901 1150 1965 saluti
1173 1921 1262 1985 prae-

221 1999 350 2083 ponitis,
380 1998 528 2066 libertate
559 2003 768 2087 pugnandum
798 2010 856 2068 est.
902 2003 963 2068 Hic
990 2004 1060 2069 dies
1083 2003 1260 2089 imperium,
1282 2017 1314 2066 10

221 2124 284 2185 quo
317 2105 440 2169 nullum
476 2107 615 2190 amplius
652 2107 734 2172 vidit
772 2114 873 2187 aetas,
910 2117 965 2172 aut
1000 2108 1173 2174 constituet
1205 2115 1261 2174 aut

220 2205 318 2272 finiet.
364 2207 462 2293 Apud
485 2209 658 2274 Granicum
681 2210 813 2275 minima
835 2211 950 2276 virium
972 2219 1064 2295 parte
1080 2231 1152 2276 cum
1167 2211 1261 2276 hoste

221 2311 422 2393 certavimus,
464 2312 498 2377 in
529 2311 644 2378 Cilicia
673 2314 776 2379 victos
810 2314 905 2398 Syria
934 2321 1060 2398 poterat
1097 2315 1260 2401 excipere,

220 2439 341 2501 magna
361 2417 560 2485 munimenta
581 2421 675 2504 regni
698 2421 807 2505 Tigris
830 2428 927 2504 atque
950 2420 1135 2506 Euphrates
1158 2430 1259 2488 erant.

219 2521 359 2587 Ventum
383 2530 431 2588 est
454 2544 502 2604 eo,
526 2524 612 2589 unde
635 2525 738 2609 pulsis
760 2546 801 2590 ne
825 2525 923 2608 fugae
947 2524 1076 2607 quidem
1095 2526 1185 2591 locus
1200 2533 1260 2592 est.
1281 2539 1312 2587 11

220 2628 335 2693 Omnia
357 2636 422 2694 tam
452 2629 576 2694 diutino
606 2632 691 2697 bello
722 2631 881 2698 exhausta
910 2639 983 2717 post
1013 2639 1139 2714 tergum
1170 2641 1258 2697 sunt:

219 2755 283 2799 non
316 2734 437 2800 incolas
472 2755 546 2802 suos
580 2737 686 2817 urbes,
721 2759 786 2802 non
819 2737 957 2802 cultores
992 2737 1257 2802 habent-terrae.

220 2838 383 2921 Coniuges
405 2858 532 2922 quoque
555 2849 587 2904 et
609 2837 703 2906 liberi
718 2847 897 2924 sequuntur
911 2840 994 2906 hanc
1009 2841 1121 2921 aciem,
1147 2846 1261 2925 parata

220 2941 365 3008 hostibus
386 2944 515 3026 praeda,
547 2943 610 3008 nisi
633 2965 691 3029 pro
716 2945 890 3010 carissimis
913 2945 1102 3028 pignoribus
1126 2964 1260 3030 corpora

124 3068 127 3072 ·
220 3046 417 3132 opponimus.
479 3046 573 3124 Quod
610 3067 752 3112 mearum
789 3048 850 3112 fuit
890 3049 1035 3132 partium,
1075 3049 1258 3126 exercitum,
1280 3059 1312 3106 12

220 3171 313 3232 quem
336 3171 440 3235 paene
464 3152 620 3216 immensa
643 3152 794 3236 planities
816 3151 872 3216 vix
896 3159 1035 3236 caperet,
1062 3151 1259 3235 comparavi:

220 3275 329 3337 equos,
353 3277 442 3320 arma
465 3255 630 3321 distribui:
655 3263 852 3321 commeatus
875 3277 916 3320 ne
939 3263 1047 3321 tantae
1065 3256 1260 3320 multitudini

219 3358 379 3439 deessent,
404 3360 545 3446 providi:
570 3361 685 3442 locum,
710 3360 828 3442 inquo
852 3361 939 3425 acies
961 3360 1118 3444 explicari
1141 3369 1260 3444 posset,

219 3463 313 3547 elegi.
360 3464 474 3529 Cetera
504 3465 537 3528 in
566 3472 675 3530 vestra
704 3471 866 3549 potestate
896 3471 986 3529 sunt:
1019 3463 1135 3529 audete
1165 3465 1261 3529 modo
1282 3475 1314 3523 13

218 3567 347 3633 vincere
369 3566 561 3652 famamque,
590 3568 842 3634 infirmissimum
871 3567 1027 3633 adversus
1051 3568 1152 3632 fortes
1174 3569 1260 3633 viros

166 3669 331 3753 bitelum,
367 3672 570 3738 contemnite.
628 3672 806 3738 Temeritas
841 3678 898 3752 est,
934 3691 1030 3754 quam
1063 3671 1169 3736 adhuc
1203 3693 1260 3757 pro

220 3775 338 3841 virtute
371 3775 539 3842 timuistis:
576 3797 657 3859 quae
691 3777 747 3842 ubi
780 3775 918 3860 primum
952 3775 1106 3860 impetum
1137 3776 1257 3858 effudit,

219 3879 307 3945 velut
330 3880 489 3963 quaedam
512 3880 663 3946 animalia
685 3881 803 3946 emisso
819 3879 941 3960 aculeo,
966 3887 1080 3964 torpet.
1115 3879 1158 3942 Hi
1181 3898 1258 3944 vero
1279 3889 1311 3938 14
1395 3957 1398 3964 Ι
