3040 4318
279 217 320 282 80
667 224 698 290 Q.
718 223 825 278 CURTI
844 223 930 277 RUFI

279 428 425 492 Ruebant
455 427 570 492 laxatis
601 428 737 494 habenis
768 430 910 514 aurigae,
943 451 1005 514 quo
1036 431 1144 516 plures
1175 431 1316 497 nondum

244 532 357 597 466116
394 532 521 617 proviso
559 531 680 618 impetu
718 535 906 600 obtererent.
960 535 1051 601 Alios
1088 557 1165 619 ergo
1202 536 1316 602 hastae

278 639 411 704 multum
448 639 531 704 ultra
567 645 728 704 temonem
765 639 951 722 eminentes,
991 641 1071 706 alios
1106 642 1147 706 ab
1181 649 1316 725 utroque

278 745 377 811 latere
409 744 568 810 demissae
598 744 698 810 falces
728 745 921 811 laceravere
967 746 1036 811 Noc
1066 746 1183 812 sensim
1214 747 1317 812 Mace-

278 850 377 915 dones
407 848 572 928 cedebant,
608 847 667 913 sed
701 848 802 914 effusa
835 848 914 932 fuga
943 851 1149 915 turbaverant
1178 850 1315 915 ordines.

246 954 431 1020 5Mazaeus
463 971 588 1034 quoque
617 951 773 1035 perculsis
804 959 923 1017 metum
945 953 1089 1034 incussit,
1123 953 1210 1019 mille
1234 954 1317 1036 equi-

278 1057 363 1122 tibus
386 1055 428 1120 ad
462 1055 641 1139 diripienda
663 1055 763 1120 hostis
786 1055 1016 1140 impedimenta
1039 1056 1234 1123 circumvehi
1256 1057 1317 1122 ius-

281 1160 333 1241 sis,
368 1167 455 1225 ratus
490 1159 633 1244 captivos
668 1177 802 1242 quoque,
845 1160 899 1242 qui
932 1160 1026 1225 simul
1059 1162 1315 1242 asservabantur,

281 1271 428 1349 rupturos
451 1264 587 1345 vincula,
620 1285 692 1328 cum
723 1283 797 1330 suos
828 1265 1120 1349 appropinquantes
1151 1266 1316 1330 vidissent.

247 1368 354 1432 6Non
385 1367 545 1433 fefellerat
575 1367 827 1449 Parmenionem,
861 1369 915 1450 qui
944 1368 978 1432 in
1008 1369 1099 1434 laeve
1130 1376 1213 1434 erat:
1249 1389 1318 1454 pro·

282 1493 357 1557 pere
380 1471 478 1554 igitur
500 1471 735 1554 Polydamanta
756 1471 863 1550 mittit,
887 1471 941 1553 qui
964 1479 995 1537 61
1017 1473 1194 1556 periculum
1217 1479 1319 1538 osten·

248 1576 372 1641 7116161
395 1583 435 1657 61,
460 1575 536 1658 quid
560 1575 627 1641 lieri
649 1575 773 1640 iuberet
795 1599 863 1658 1616,
895 1577 1082 1641 consuleret.
1128 1575 1187 1642 Ille
1209 1576 1318 1641 audito

282 1679 519 1764 l'olydamante,
541 1678 625 1760 ‘Abi
649 1679 786 1761 nuntia’,
818 1679 928 1762 inquit,
949 1680 1175 1760 ‘Parmenioni
1201 1680 1228 1744 si
1250 1681 1319 1745 acie

283 1784 460 1865 vicerimus,
484 1787 548 1847 uon
563 1791 671 1848 nostra
686 1784 788 1848 solum
803 1804 861 1848 nos
876 1784 1116 1868 reciperaturos,
1141 1784 1199 1849 sed
1214 1783 1318 1864 etiam,

248 1892 265 1942 8
284 1909 365 1972 quae
388 1888 526 1953 hostiurn
550 1894 630 1968 sunt,
656 1894 874 1972 occupaturos.
920 1887 1058 1953 Proinde
1073 1908 1137 1952 non
1153 1895 1209 1967 est,
1235 1887 1320 1970 quod

284 1991 453 2074 quicquam
487 1991 600 2056 virium
634 1990 790 2056 subducat
824 2012 864 2056 ex
898 1991 975 2072 acie,
1015 1991 1081 2072 sed,
1120 1999 1155 2055 ut
1187 2013 1247 2072 me,
1286 1998 1321 2055 ut

283 2095 432 2180 Philippo
455 2102 545 2179 patre
562 2095 694 2178 dignum
717 2101 773 2175 est,
799 2101 979 2178 contempto
995 2095 1190 2160 sarcinarum
1206 2094 1320 2159 damno

249 2199 406 2265 9fortiter
436 2199 584 2264 dimicet?
630 2199 762 2264 Interim
795 2198 924 2263 barbari
957 2198 1184 2282 impedimenta
1217 2199 1321 2262 turba-

284 2310 405 2384 verant,
441 2301 605 2384 caesisque
639 2301 800 2385 plerisque
835 2301 1002 2366 custodum
1037 2301 1156 2386 captivi
1185 2300 1321 2366 vinculis

285 2407 395 2492 ruptis,
427 2405 579 2488 quicquid
601 2405 729 2470 obvium
753 2411 828 2486 erat,
861 2425 923 2486 quo
945 2404 1061 2470 armari
1084 2411 1223 2488 possent,
1247 2404 1324 2468 arri-

286 2511 377 2596 piunt
400 2516 440 2590 et,
460 2508 629 2592 aggregati
645 2529 772 2573 suorum
788 2508 959 2590 equitibus,
976 2508 1168 2572 Macedonas
1192 2507 1323 2591 ancipiti

235 2625 267 2674 10
287 2615 517 2679 circumventos
554 2611 638 2676 malo
675 2611 838 2676 invadunt.
894 2610 994 2691 Laeti,
1034 2611 1088 2693 qui
1125 2611 1210 2676 circa
1247 2610 1323 2676 Sisi-

285 2719 425 2802 gambim
448 2723 546 2796 erant,
570 2715 687 2780 vicisse
709 2717 859 2796 Dareum,
884 2714 1007 2797 ingenti
1030 2715 1129 2780 caede
1148 2721 1322 2799 prostratos

178 2901 179 2904 Ἴ
285 2823 401 2903 hostes,
440 2820 482 2884 ad
520 2819 664 2884 ultimum
702 2819 798 2884 etiam
831 2818 1066 2903 impedimentis
1101 2825 1212 2884 exutos
1251 2837 1323 2882 csse

286 2926 439 3006 nuntiant,
464 2923 581 3008 quippe
605 2922 740 2987 eandem
756 2922 915 2986 fortunam
930 2922 1048 3003 ubique
1065 2941 1136 2987 esse
1152 2921 1324 2986 eredebant

236 3042 266 3090 11
287 3036 318 3093 61
341 3029 477 3094 victores
501 3026 617 3092 Persas
639 3025 681 3089 ad
711 3025 864 3110 praedam
888 3025 1093 3090 discurrisse.=
1136 3024 1324 3108 Sisigambis

286 3131 484 3197 hortantibus
509 3129 652 3214 captivis,
677 3135 711 3193 ut
726 3129 867 3194 animum
889 3150 909 3194 a
931 3149 1076 3194 maerore
1103 3128 1266 3209 allevaret,
1292 3127 1324 3190 in

287 3237 407 3318 eodem,
443 3257 505 3318 quo
540 3242 635 3300 antea
669 3234 738 3315 11111,
773 3235 1000 3320 perseveravit.
1057 3235 1130 3298 Non
1163 3252 1227 3298 vox
1260 3232 1326 3296 ulla

286 3341 405 3407 excidit
428 3340 466 3421 ei,
499 3339 650 3404 nonoris
681 3339 768 3403 color
798 3338 946 3404 vultusve
976 3344 1116 3402 mutatus
1147 3344 1211 3402 est:
1243 3335 1326 3402 sedit

286 3445 455 3511 immobilis
487 3481 526 3490 -
563 3443 667 3525 credo,
703 3443 878 3528 praecoqui
914 3442 1032 3526 gaudio
1066 3441 1169 3506 verita
1201 3440 1325 3504 irritare

285 3549 445 3614 fortunam
479 3586 521 3594 -
554 3547 635 3613 adeo
670 3555 712 3629 ut,
753 3547 829 3630 quid
866 3547 984 3628 mallet,
1023 3545 1217 3610 intuentibus
1255 3563 1326 3609 eam

238 3666 269 3716 12
289 3653 384 3718 fuerit
407 3651 571 3717 incertum.
610 3651 698 3716 Inter
712 3650 791 3716 haec
808 3651 962 3730 Menidas,
986 3647 1168 3734 praefectus
1185 3646 1326 3730 equitum

290 3755 475 3837 Alexandri,
500 3776 572 3819 cum
587 3755 698 3838 paucis
717 3756 829 3820 turmis
845 3775 939 3838 opem
954 3751 1190 3838 impedimentis
1205 3752 1326 3816 laturus

290 3860 463 3926 advenerat
480 3858 702 3938 -incertum,
719 3877 817 3924 suone
834 3857 966 3922 consilio
981 3877 1022 3920 an
1038 3855 1124 3940 regis
1140 3853 1271 3938 imperio
1286 3889 1324 3898 -
