2976 4322
646 219 677 287 Q.
697 219 806 275 OURTI
825 219 912 275 RUFI

450 263 465 296 0

712 426 777 480 Cur.
795 425 842 480 XI.

222 544 234 593 1
358 529 435 593 Erat
468 529 551 594 inter
585 522 682 593 duc'es
714 547 810 592 manu
844 534 989 593 strennus
1021 527 1123 593 Bolon
1154 525 1292 609 qnidam,
1306 527 1349 597 41

253 633 341 717 pacis
371 633 485 698 artium
516 639 547 698 et
578 631 680 698 civilis
710 632 842 698 habitus
871 631 968 712 rudis,
999 638 1092 697 vetus
1121 631 1220 712 miles,
1251 631 1294 695 ab

253 737 364 802 humili
386 737 497 802 ordine
519 736 561 801 ad
584 757 656 801 eum
678 736 822 820 gradum,
853 736 886 800 in
913 757 975 819 quo
1005 745 1081 801 tunc
1113 744 1192 816 erat,
1222 755 1290 821 pro·

217 849 374 907 amotus:
398 841 450 924 qui
473 841 651 907 tacentibus
674 841 798 921 ceteris,
815 840 931 905 stolida
954 838 1090 905 andacia
1113 841 1214 922 ferox,
1239 841 1293 904 ad·

251 966 379 1012 monere
410 965 464 1011 eos
495 945 607 1030 coepit,
643 945 789 1027 quotiens
823 945 889 1010 suis
924 944 1056 1032 quisque
1089 943 1290 1026 deversoriis,

250 1069 332 1132 quae
369 1055 587 1134 occupassent,
626 1048 828 1133 proturbatus
866 1056 960 1128 esset,
1006 1053 1041 1112 ut
1078 1055 1293 1133 purgamenta

249 1173 411 1218 servorum
441 1151 586 1217 Philotae
616 1151 832 1235 reciperentur
862 1172 908 1233 eo,
941 1151 1027 1217 unde
1057 1152 1292 1218 commilitones

214 1257 453 1341 sexpulissent.
511 1255 597 1320 Auro
634 1263 834 1339 argentoque
877 1255 1024 1321 vehicula
1070 1256 1137 1322 eius
1176 1264 1291 1323 onusta

247 1362 322 1427 totis
345 1361 423 1452 vicis
446 1361 584 1441 stetisse,
608 1381 647 1426 ac
671 1380 711 1425 ne
733 1361 767 1424 in
790 1356 940 1424 viciniam
964 1359 1092 1443 quidem
1116 1361 1290 1427 deversorii

248 1485 439 1548 quemqnam
461 1464 710 1530 commilitonum
732 1473 897 1549 receptum
920 1484 999 1545 esse,
1024 1464 1083 1530 sed
1105 1485 1163 1551 per
1186 1465 1290 1550 dispo-

248 1569 334 1654 sitos,
364 1589 442 1652 quos
467 1589 564 1655 supra
594 1589 738 1634 somnum
769 1569 919 1649 habebat,
952 1569 1054 1634 omnis
1080 1569 1192 1654 procul
1213 1571 1290 1636 rele-

247 1681 348 1757 gatos,
383 1694 423 1738 ne
454 1673 573 1738 femina
603 1673 657 1737 illa
691 1673 954 1738 murmurantium
984 1673 1068 1739 inter
1098 1695 1132 1740 se
1164 1674 1289 1740 silentio

210 1777 350 1847 everius
373 1797 468 1860 quam
492 1797 569 1843 sono
593 1776 796 1842 excitaretur.
846 1776 998 1842 Ludibrio
1021 1778 1050 1843 ei
1074 1777 1175 1845 fuisse
1198 1779 1289 1844 rusti·

245 1902 300 1947 cos
323 1881 467 1946 homines
489 1881 701 1965 Phrygasque
724 1888 755 1946 et
772 1881 1000 1964 Paphlagonas
1023 1883 1210 1967 appellatos,
1235 1884 1288 1967 qui

244 2007 308 2051 non
334 1985 546 2066 erubesceret,
578 1983 712 2050 Macedo
742 1991 845 2066 natus,
878 1985 1022 2051 homines
1053 1987 1180 2070 linguae
1210 2008 1288 2054 suae

211 2109 227 2160 5
249 2111 307 2176 per
329 2090 534 2175 interpretem
561 2089 681 2154 audire.
726 2089 819 2154 Nunc
849 2109 904 2154 our
927 2089 1136 2156 Hammonem
1166 2094 1288 2158 consuli

242 2193 361 2260 vellet?
391 2191 528 2258 eundem
551 2193 637 2258 Iovis
664 2193 813 2276 arguisse
836 2193 1048 2276 mendacium,
1070 2196 1287 2262 Alexandrum

241 2297 340 2363 filium
362 2298 574 2381 agnoscentis,
599 2295 721 2362 scilicet
747 2297 889 2379 veritum,
913 2319 954 2363 ne
977 2299 1168 2366 invidiosum
1191 2310 1286 2384 esset,

206 2402 327 2485 equod
361 2401 404 2466 dii
438 2401 596 2466 offerrent.
644 2400 723 2466 Cum
756 2401 962 2468 insidiaretur
1000 2405 1098 2489 capiti
1132 2406 1220 2490 regis
1255 2414 1287 2471 et

241 2505 345 2588 amici,
376 2526 439 2570 non
462 2505 657 2571 consuluisse
689 2525 762 2570 eum
792 2506 919 2571 Iovem:
951 2527 1034 2572 nunc
1057 2508 1099 2573 ad
1123 2511 1285 2574 oraculum

240 2611 374 2691 mittere,
399 2611 474 2674 dum
497 2617 589 2693 pater
612 2609 679 2675 eius
704 2607 863 2691 sollicitet,
888 2611 958 2693 quis
976 2613 1097 2697 praesit
1120 2613 1152 2677 in
1167 2613 1283 2696 Media,

240 2722 271 2781 et
287 2713 432 2800 pecunia,
458 2713 549 2778 cuius
566 2713 713 2778 custodia
730 2715 900 2780 commissa
915 2715 964 2797 sit,
983 2716 1124 2799 perditos
1140 2715 1285 2788 homines

205 2819 282 2887 vad
304 2818 489 2884 societatem
512 2817 641 2882 sceleris
665 2817 816 2903 impellat.
862 2818 956 2903 Ipsos
978 2819 1130 2886 missuros
1153 2819 1195 2886 ad
1218 2843 1274 2890 ora

238 2923 352 3003 culum,
376 2942 439 2986 non
463 2921 515 3003 qui
538 2921 647 2986 lovem
671 2921 876 3005 interrogent,
902 2922 987 3005 quod
1011 2944 1052 2988 ex
1075 2944 1152 3008 rege
1168 2947 1284 3010 cogno·

238 3027 349 3108 verint,
374 3025 431 3091 sed
454 3025 507 3108 qui
531 3025 653 3108 gratias
677 3033 784 3109 agant,
809 3026 863 3109 qui
885 3034 961 3091 vota
984 3047 1041 3112 pro
1063 3028 1280 3098 incolumitate

237 3131 324 3214 regis
348 3130 459 3216 optimi
484 3129 678 3216 persolvant.

203 3252 219 3303 s
342 3235 424 3299 Tum
446 3255 522 3299 veru
545 3234 696 3300 universa
727 3235 830 3300 contio
860 3255 996 3326 accensa
1026 3244 1083 3318 est,
1118 3245 1149 3304 et
1172 3259 1192 3303 a
1215 3260 1281 3305 cor-

237 3338 324 3423 poris
363 3338 549 3404 custodibus
586 3339 710 3403 initinm
751 3339 881 3421 factum,
922 3341 1132 3408 clamantibus
1165 3325 1281 3410 discer-

239 3443 379 3528 pendum
402 3463 472 3508 esse
499 3443 691 3528 parricidam
720 3444 867 3510 manibus
898 3465 1007 3510 eorum
1032 3483 1072 3492 —
1096 3446 1130 3512 id
1153 3447 1281 3530 quidem

235 3548 386 3628 Philotas,
423 3545 477 3630 qui
508 3547 657 3630 graviora
691 3549 850 3634 supplicia
883 3556 1047 3632 metueret,
1085 3550 1173 3616 haud
1204 3571 1279 3618 sane

201 3670 217 3720 9
240 3652 346 3735 iniquo
369 3653 474 3717 animo
497 3651 648 3717 audiebat
670 3691 713 3699 -
736 3663 771 3717 ot
793 3674 858 3734 rex,
875 3655 908 3719 in
923 3655 1101 3721 contionem
1116 3677 1273 3738 reversus,
1286 3660 1332 3733 42

236 3756 304 3822 sive
327 3765 362 3820 ut
384 3757 416 3821 in
447 3757 593 3822 custodia
624 3777 749 3840 quoque
780 3764 949 3841 torqueret,
982 3760 1048 3824 sive
1079 3766 1115 3824 ut
1146 3761 1278 3844 diligen·

235 3861 297 3926 tius
327 3869 441 3927 cuncta
475 3871 689 3946 cognosceret,
725 3863 893 3930 concilium
927 3865 959 3928 in
993 3873 1153 3949 posterum
1187 3865 1272 3932 diem
