2976 4322
336 244 586 300 msvoamnum
604 247 820 301 amaxonum
838 247 901 300 vm
920 251 943 301 a.
962 251 986 299 4.
1120 247 1183 312 213

149 471 208 514 neu
230 450 377 516 licentiae
400 451 555 518 barbarae
579 453 741 536 exemplar
759 453 792 516 in
808 452 1001 518 Graecorum
1023 473 1127 517 mores
1151 461 1183 518 et

104 547 135 617 13
149 554 235 619 mitia
257 555 386 637 ingenia
408 543 602 621 transferret.
637 558 751 621 Dahae
764 557 955 643 Spitamenis
979 557 1078 621 caede
1101 577 1183 621 com·
1203 569 1234 618 lo

149 665 236 742 perta
258 659 495 743 Dataphernen,
520 660 709 726 defectionis
732 661 799 726 eius
822 660 1018 745 participem,
1042 661 1182 725 vinctum

149 763 330 828 Alexandro
368 784 465 846 seque
503 764 631 830 dedunt.
693 766 761 845 Ille,
800 764 939 829 maxima
968 765 1181 848 praesentium

149 887 290 932 curarum
312 875 402 953 parte
414 868 573 949 liberatus
591 869 747 934 convertit
762 869 899 934 animum
916 868 958 933 ad
973 869 1182 934 vindicandas

147 971 273 1037 iniurias
290 993 406 1053 eorum,
424 971 535 1054 quibus
551 995 571 1038 a
586 973 783 1058 praetoribus
800 973 864 1038 suis
880 994 976 1038 avare
992 995 1030 1038 ae
1047 975 1181 1059 superbe

147 1075 366 1160 imperabatur.
414 1077 499 1160 Ergo
522 1077 754 1163 Phratapherni
777 1078 972 1163 Hyrcaniam
999 1085 1030 1142 et
1053 1078 1181 1144 Mardos
1202 1089 1233 1138 17

148 1201 217 1245 cum
246 1181 381 1265 Tapuris
411 1181 541 1246 tradidit
571 1182 806 1264 mandavitque,
841 1189 875 1246 ut
904 1183 1096 1262 Phradaten,
1131 1184 1182 1248 cui

147 1285 346 1366 succedebat,
371 1286 413 1350 ad
436 1307 470 1351 se
493 1287 525 1350 in
542 1287 719 1352 custodiam
734 1287 881 1351 mitteret.
920 1287 1055 1368 Arsami,
1081 1288 1182 1352 Dran-

146 1410 256 1472 garum
267 1389 438 1474 praefecto,
461 1391 646 1457 substitutus
659 1390 820 1472 Stasanor,
845 1391 982 1456 Arsaces
998 1392 1031 1455 in
1043 1392 1181 1456 Mediam

146 1494 268 1575 missus,
291 1501 326 1559 ut
341 1494 505 1580 Oxydates
521 1496 599 1560 inde·
611 1496 788 1562 decederet.
824 1498 1002 1581 Babylonia
1018 1497 1181 1562 demortuo

146 1599 277 1663 Mazaeo
301 1599 442 1664 Stameni
466 1593 609 1665 subiecta
633 1608 690 1666 est.

602 1794 667 1847 Gar.
685 1793 730 1846 IV.

94 1905 133 1974 14
252 1911 311 1976 His
346 1913 528 1998 compositis
554 1913 646 1978 tertio
683 1934 792 1978 mense
830 1933 870 1977 ex
906 1912 1048 1978 hibernis
1085 1913 1214 1977 movitr

145 2016 326 2098 exercitum,
355 2017 529 2099 regionem,
553 2039 633 2099 quae
656 2018 787 2084 Gazaba
809 2018 995 2101 appellatur,
1028 2016 1179 2082 aditurus.

144 2119 267 2186 Primus
291 2122 359 2186 dies
383 2121 521 2203 quietum
544 2122 604 2186 iter
626 2121 788 2206 praebuit:
812 2121 973 2206 proximus
997 2121 1026 2185 ei
1041 2121 1215 2186 nonduma

144 2223 271 2304 quidem
294 2226 489 2310 procellosus
520 2233 551 2290 et
581 2225 688 2307 tristis,
720 2225 883 2291 obscurior
912 2232 1019 2289 tamen
1048 2225 1180 2308 pristino

142 2347 207 2390 non
243 2327 311 2393 sine
344 2329 437 2394 minis
472 2329 643 2394 crescentis
677 2330 751 2393 mali
786 2330 955 2414 praeteriit.
1002 2329 1108 2393 Tertio
1139 2330 1215 2392 ah3

142 2430 228 2494 omni
250 2438 340 2515 parte
363 2433 443 2496 caeli
474 2433 610 2497 emicare
640 2433 768 2516 fulgura
798 2440 838 2512 et,
870 2454 953 2497 nuno
979 2433 1180 2497 internitente

142 2534 222 2614 luce,
246 2557 329 2600 nune
353 2537 489 2621 condita,
518 2558 582 2601 non
605 2539 713 2602 oculos
729 2537 823 2601 modo
853 2537 988 2601 meantis
1012 2537 1177 2617 exercitus,

142 2638 319 2704 sedetiam
346 2641 468 2706 animos
498 2647 614 2705 terrere
646 2648 825 2725 coeperunt.
872 2641 949 2704 Erat
979 2662 1078 2726 prope
1109 2653 1215 2705 eon-4

141 2742 247 2808 tinuus
286 2744 366 2809 caeli
403 2744 520 2826 fragor,
569 2753 600 2809 et
638 2745 757 2829 passim
795 2744 975 2809 cadentium
1013 2744 1179 2809 fulminum

140 2847 267 2930 species
297 2849 467 2926 visebatur,
503 2849 708 2930 attonitisque
738 2848 866 2913 auribus
901 2855 1030 2932 stupens
1065 2869 1179 2930 agmen

138 2971 200 3015 nec
238 2952 388 3036 progredi
425 2974 484 3016 nec
527 2953 699 3018 consistere
738 2953 893 3018 audebat:
946 2960 1012 3016 tum
1050 2961 1214 3036 repentes

137 3054 251 3135 imber,
274 3056 462 3137 grandinem
485 3056 649 3138 incutiens,
688 3058 836 3121 torrentis
869 3056 964 3121 modo
999 3055 1177 3122 effunditur.

136 3157 189 3221 Ac
213 3159 313 3242 primo
337 3159 464 3241 quidem
488 3161 582 3225 armis
614 3161 679 3226 suis
702 3161 778 3224 tecti
802 3167 1003 3245 exceperant,
1036 3160 1093 3224 sed
1115 3161 1179 3224 iam

136 3282 200 3326 nec
223 3263 359 3327 retinere
383 3285 471 3328 arma
494 3264 615 3330 lubrica
644 3265 784 3346 rigentes
814 3285 926 3329 manus
949 3271 1097 3350 poterant
1120 3285 1178 3328 nec

135 3365 201 3448 ipsi
225 3366 394 3446 destinare,
425 3368 457 3431 in
488 3389 582 3450 quam
609 3369 772 3450 regionem
803 3369 1004 3432 obverterent
1034 3389 1176 3452 corpora,

135 3490 211 3533 cum
234 3471 372 3553 undique
394 3471 593 3556 tempestatis
616 3472 769 3535 violentia
791 3471 891 3535 maior
910 3493 1004 3553 quam
1020 3471 1178 3535 vitabatur

134 3583 326 3640 occurreret.
380 3575 465 3658 Ergo
500 3575 661 3641 ordinibus
696 3575 807 3640 solutis
840 3596 897 3660 per
929 3581 1029 3639 totum
1064 3577 1211 3640 saltumu

134 3679 350 3743 errabundum
366 3700 482 3760 agmen
498 3679 666 3745 ferebatur.
694 3680 857 3761 Multique,
875 3679 962 3765 prius
981 3686 1066 3744 metu
1082 3700 1177 3761 quam

132 3783 247 3848 labore
260 3783 436 3866 defetigati,
457 3791 693 3869 prostraverant
709 3784 795 3848 humi
819 3804 961 3868 corpora,
985 3803 1176 3864 quamquam

130 3886 270 3950 imbrem
293 3886 342 3952 vis
365 3885 492 3970 frigoris
527 3895 674 3952 concreto
701 3888 775 3970 gelu
809 3885 1007 3951 astrinxerat.
1054 3885 1117 3948 Alii
1141 3899 1209 3951 sev
