2976 4322
276 217 342 286 210
667 217 698 282 u.
719 217 828 272 cuam
846 218 934 273 auor

275 426 370 491 fidem
393 447 488 508 quam
511 426 575 491 vim
598 424 808 489 Macedonum
838 423 948 488 mallet
971 422 1108 507 experiri
1131 443 1193 488 neu
1216 443 1316 488 mora-

275 537 361 595 retur
372 529 606 594 festinationem
618 528 748 593 victoris
764 527 933 607 exercitus,
948 527 981 590 in
997 526 1122 591 Indiam
1137 525 1315 591 tendentis:

276 635 327 700 cui
365 633 505 716 quisquis
543 639 644 698 semet
681 631 817 713 offerret,
856 631 888 695 in
926 651 1017 696 suum
1051 637 1147 714 caput
1181 631 1318 695 alienam

225 761 258 810 28
277 737 402 802 cladem
440 757 511 802 esse
549 756 721 801 versurum.
780 735 821 799 Et
853 736 922 819 ipse
960 733 1087 818 quidem
1122 734 1318 800 Sisimithres

277 841 471 906 deditionem
493 841 670 905 annuebat:
702 846 841 904 ceterum
871 846 973 904 mater
992 838 1167 920 eademque
1191 839 1317 918 coniux,

276 945 460 1010 morituram
490 964 525 1009 se
555 951 629 1008 ante
660 943 849 1008 denuntians
884 963 978 1024 quam
1011 943 1044 1007 in
1073 942 1167 1007 ullius
1197 925 1320 1007 veniret

276 1055 476 1134 potestatem,
507 1047 635 1113 barbari
657 1047 796 1112 animum
818 1048 862 1111 ad
883 1047 1065 1112 honestiora
1088 1067 1183 1129 quam
1204 1047 1321 1111 tutiora

278 1161 486 1231 converterat,
531 1152 733 1237 pudebatque
770 1151 924 1217 libertatis
969 1151 1071 1216 maius
1116 1171 1188 1217 esse
1232 1151 1320 1236 apud
1396 1141 1400 1144 ’

226 1279 259 1330 29
278 1258 414 1322 feminas
452 1278 547 1339 quam
585 1256 670 1341 apud
704 1257 795 1335 ,viros
833 1255 976 1340 pretium.
1037 1257 1150 1337 Itaque
1188 1256 1319 1321 dimisso

277 1363 468 1427 internuntio
492 1362 580 1446 pacis
604 1358 802 1426 obsidionem
825 1360 907 1425 serre
931 1361 1124 1425 decreverat.
1165 1361 1231 1425 Sed
1247 1381 1318 1425 cum

278 1466 379 1531 hostis
401 1466 485 1530 vires
508 1485 645 1547 suasque
674 1471 832 1549 pensaret,
864 1484 971 1529 rursus
998 1465 1159 1529 muliebris
1182 1464 1314 1544 consilii,

279 1569 364 1652 quod
386 1589 541 1654 praeceps
564 1569 667 1652 magis
698 1589 792 1650 quam
822 1568 1038 1633 necessarium
1061 1588 1132 1633 esse
1155 1568 1316 1647 credebat,

228 1689 261 1738 30
279 1674 441 1758 paenitere
487 1694 558 1738 eum
596 1673 709 1758 coepit.
771 1673 995 1755 Revocatoque
1033 1680 1159 1737 strenue
1197 1672 1317 1738 Oxarte

280 1779 418 1843 futurum
442 1798 476 1842 se
498 1777 531 1842 in
554 1778 640 1860 regis
663 1785 854 1862 potestatem
875 1777 1048 1862 respondit,
1076 1799 1173 1842 unum
1194 1778 1228 1842 id
1252 1799 1320 1863 pre-

281 1890 381 1963 catus,
405 1903 445 1947 ne
468 1883 663 1947 voluntatem
686 1890 717 1947 et
740 1882 906 1947 consilium
929 1883 1038 1947 matris
1062 1902 1138 1947 suae
1161 1881 1321 1966 proderet,

230 2002 260 2051 31
281 2008 342 2070 quo
366 1986 491 2051 facilius
515 1987 608 2051 venia
630 1987 675 2050 illi
698 2007 822 2068 quoque
837 1987 1066 2070 impetraretur.
1106 1987 1321 2052 Praemissum

280 2093 376 2174 igitur
399 2090 539 2156 Oxarten
563 2112 634 2156 cum
656 2098 756 2155 matre
779 2091 948 2173 liberisque
965 2097 996 2155 et
1011 2091 1106 2156 totius
1123 2091 1322 2174 cognationis

281 2215 380 2278 grege
411 2195 608 2276 sequebatur,
644 2216 683 2259 ne
715 2201 885 2279 expectato
917 2193 1045 2276 quidem
1073 2194 1147 2259 fidei
1178 2195 1320 2279 pignore,

230 2320 263 2369 32
282 2300 367 2382 quod
397 2299 532 2364 Oxartes
562 2300 758 2383 promiserat.
805 2299 874 2363 Rex
908 2299 1012 2381 equite
1047 2299 1231 2383 praemisso,
1268 2300 1322 2381 qui

281 2403 398 2468 reverti
420 2423 475 2467 eos
498 2403 620 2468 iuberet
637 2403 836 2487 opperirique
851 2402 1065 2487 praesentiam
1080 2403 1189 2486 ipsius,
1215 2422 1323 2488 super-

282 2508 368 2573 venit
391 2513 422 2572 et
434 2507 569 2571 victimis
582 2507 744 2572 Minervae
768 2505 827 2594 [acl
847 2507 1008 2572 Victoriae
1032 2507 1134 2573 caesis
1156 2505 1324 2592 imperium

284 2611 454 2677 Sisimithri
475 2611 621 2692 restituit,
653 2631 709 2696 spe
728 2611 856 2676 maioris
887 2611 984 2676 etiam
1013 2613 1196 2697 provinciae
1223 2611 1322 2693 facta,

233 2736 265 2785 33
284 2716 312 2780 si
335 2736 406 2780 cum
427 2714 490 2779 tide
511 2715 683 2779 amicitiam
705 2715 805 2799 ipsius
828 2715 987 2780 coluisset.
1026 2717 1116 2780 Duos
1131 2715 1177 2780 illi
1191 2715 1323 2781 iuvenes

284 2826 374 2903 patre
397 2818 542 2882 tradente
565 2839 673 2883 seeum
696 2819 883 2883 militaturos
907 2819 997 2900 sequi
1019 2819 1119 2884 iussit.

388 2922 511 2987 Relicta
533 2921 648 2987 deinde
671 2923 831 3007 phalange
854 2922 896 2985 ad
919 2923 1112 3006 subigendos
1128 2922 1320 3010 Sogdianos,
1338 2926 1380 2996 10

233 3027 267 3100 al
286 3027 339 3110 qui
369 3026 561 3108 defecerant,
594 3047 665 3091 cum
696 3027 803 3108 equite
822 3027 986 3111 processit.
1032 3026 1176 3092 Arduum
1208 3035 1239 3092 ct
1268 3028 1325 3091 im-

285 3131 428 3215 peditum
461 3131 546 3196 saxis
583 3131 642 3194 iter
679 3131 779 3216 primo
816 3137 985 3212 utcumque
1022 3131 1208 3211 tolerabant,
1248 3151 1324 3196 mox

287 3256 437 3317 equorum
459 3256 523 3299 non
545 3235 671 3318 ungulis
694 3235 788 3299 modo
804 3234 930 3317 attritis,
955 3234 1013 3300 sed
1029 3235 1212 3320 corporibus
1228 3236 1326 3300 etiam

287 3339 429 3422 fatigatis
453 3340 542 3421 sequi
565 3339 706 3424 plerique
732 3361 796 3403 non
825 3346 981 3423 poterant,
1013 3346 1045 3404 et
1066 3340 1167 3405 rarius
1191 3339 1325 3405 subinde

288 3465 403 3526 agmen
436 3444 541 3525 fiebat,
565 3444 726 3528 pudorem,
765 3451 799 3508 ut
833 3443 900 3508 fere
933 3444 976 3525 fit,
1015 3444 1184 3509 immodico
1218 3445 1326 3510 labore

236 3567 268 3616 35
287 3549 443 3613 vincente.
490 3549 557 3612 Rex
569 3556 683 3629 tamen,
698 3547 832 3614 subinde
863 3568 961 3631 equos
983 3555 1118 3630 mutans,
1144 3549 1212 3613 sine
1235 3549 1328 3614 inter-

287 3654 437 3718 missione
452 3653 612 3735 fugientes
628 3653 863 3735 insequebatur.
876 3653 1008 3717 Nobiles
1023 3653 1164 3736 iuvenes,
1180 3654 1326 3718 comitari

288 3778 360 3822 eum
383 3757 475 3838 soliti,
502 3757 686 3822 defecerant
701 3763 827 3841 praeter
843 3757 1032 3842 Philippum.
1060 3757 1243 3840 Lysimachi
1259 3765 1327 3822 erat

288 3861 396 3942 frater,
427 3869 493 3925 tum
517 3863 650 3946 primum
679 3861 805 3925 adultus
836 3867 876 3942 et,
909 3861 994 3943 quod
1024 3861 1120 3925 facile
1147 3869 1325 3946 appareret,

1142 4170 1148 4207 i
