3040 4318
440 213 690 270 HISTORIARUM
707 215 922 270 ALEXANDRI
939 217 976 271 IV
995 221 1019 271 9.
1212 221 1251 284 61

215 419 374 502 Ceterum,
405 419 508 486 omnin
539 420 673 505 periculi
704 427 736 486 et
766 422 904 487 maxime
935 424 1149 491 multitudinis
1180 447 1252 492 oon·
1272 443 1304 492 12

214 531 360 609 temptor,
385 525 563 591 undecimis
586 525 702 591 castris
724 525 766 590 ad
789 525 976 611 Euphraten
999 530 1163 613 pervenit:
1189 551 1252 614 quo

214 629 364 713 pontibus
392 628 499 707 iuncto
529 629 655 712 equites
688 629 810 716 primos
844 631 900 715 ire,
934 630 1130 715 phalangem
1161 635 1251 719 sequi

213 733 310 814 iubet,
334 733 475 814 Mazaeo,
507 733 562 815 qui
585 732 628 798 ad
653 731 864 800 inhibendum
893 736 1063 802 transitum
1086 737 1156 804 eius
1179 759 1251 804 curn

213 856 270 900 sex
300 836 430 902 milibus
461 833 604 920 equitum
638 845 830 920 occurrerat,
866 859 930 904 non
962 859 1041 905 auso
1075 842 1251 925 periculum

212 941 262 1004 sui
296 941 411 1006 facere.
458 941 574 1006 Paucis
608 940 725 1007 deinde
758 945 821 1007 non
854 941 897 1008 ad
932 944 1081 1026 quietem,
1117 945 1175 1011 sed
1208 949 1251 1012 ad
1272 962 1303 1012 13

212 1045 449 1131 praeparandos
471 1046 594 1112 animos
617 1045 731 1112 dicbus
754 1047 838 1116 datis
861 1045 956 1112 militi
979 1056 1107 1115 strenue
1124 1051 1250 1116 hostem

213 1151 338 1235 insequi
361 1151 474 1235 coepit,
508 1157 664 1237 metuens,
693 1172 734 1217 ne
763 1152 915 1217 interiora
937 1153 1028 1236 regni
1052 1154 1102 1219 sui
1125 1162 1250 1240 peteret

212 1255 459 1340 sequendusque
497 1263 582 1322 11111
619 1277 677 1341 pcr
713 1257 784 1322 loca
820 1257 905 1322 omni
943 1258 1115 1324 solitudine
1152 1268 1249 1344 atque

210 1360 320 1446 inopia
335 1367 436 1426 vasta.
471 1361 575 1443 Igitur
590 1368 703 1444 quarto
719 1361 843 1426 docimo
858 1361 911 1427 dic
926 1369 1054 1447 praeter
1064 1364 1249 1432 Armeniam
1269 1379 1301 1427 14

210 1472 357 1551 penetrat
386 1463 430 1528 ad
458 1465 580 1548 Tigrin.
626 1467 708 1530 Tota
737 1466 830 1548 regio
860 1467 944 1532 ultra
973 1488 1099 1532 amnem
1129 1471 1249 1536 recenti

210 1569 354 1636 fumabat
372 1569 534 1635 incendio:
560 1569 678 1655 quippe
695 1571 854 1656 Mazaeus,
878 1590 1098 1654 quaecumque
1114 1572 1248 1655 adierat,

210 1676 296 1742 hand
327 1694 420 1741 secus
451 1694 547 1758 quam
579 1673 682 1740 hostis
717 1675 839 1740 urebat.
886 1676 933 1741 Ao
964 1677 1068 1762 primo
1098 1678 1300 1762 caliginera

210 1800 306 1863 quam
340 1779 446 1845 fumus
481 1779 647 1861 effuderat,
688 1779 880 1846 obscurante
918 1781 1022 1846 lucem
1059 1780 1247 1846 insidiarum

209 1891 295 1948 metu
326 1883 484 1950 substitit:
516 1882 632 1948 deinde
662 1889 698 1947 ut
727 1885 947 1968 speculatores
977 1885 1147 1969 praemissi
1178 1893 1248 1952 tuta

209 1989 314 2053 omnia
347 1988 582 2067 nuntiaverunt,
616 2008 736 2073 paucos
771 1989 915 2071 equitum
948 1989 991 2054 ad
1025 1991 1247 2074 temptandum

208 2091 325 2157 vadum
347 2077 486 2157 fluminis
509 2092 690 2177 praemisit:
722 2093 813 2158 ouius
837 2093 973 2158 altitudo
997 2093 1099 2178 primo
1123 2115 1246 2160 summa

208 2216 363 2281 equorum
386 2202 526 2281 pectora,
557 2216 640 2277 mox,
671 2204 706 2260 ut
733 2197 766 2262 in
795 2197 935 2262 medium
965 2198 1092 2262 alveum
1117 2205 1246 2262 ventum

208 2309 265 2382 est,
304 2301 446 2367 cervices
484 2321 610 2384 quoque
648 2303 817 2384 aequabat.
863 2303 931 2366 Nec
970 2321 1046 2367 sane
1084 2302 1166 2368 alius
1203 2301 1244 2366 ad
1265 2315 1297 2365 16

207 2405 338 2472 orientis
385 2407 513 2490 plagam
558 2411 624 2470 tarn
661 2406 820 2470 violentus
857 2401 1027 2487 invehitur,
1074 2407 1246 2471 multorum

207 2511 394 2579 torrentium
426 2531 490 2574 non
523 2529 625 2592 aquas
659 2510 772 2589 solum,
808 2509 866 2575 scd
896 2510 994 2574 etiam
1024 2529 1104 2574 saxa
1134 2529 1245 2575 secum

205 2615 345 2682 trahens.
391 2615 505 2698 Itaque
527 2636 548 2679 a
570 2613 746 2694 celeritate,
777 2634 842 2696 qua
865 2612 986 2692 defluit,
1017 2614 1108 2696 Tigri
1131 2634 1246 2678 nomen

206 2731 254 2788 est
283 2721 429 2800 inditum,
465 2720 542 2802 quia
571 2719 701 2784 Persica
735 2719 847 2802 lingua
877 2718 976 2801 tigrin
1007 2717 1160 2800 sagittam
1191 2740 1245 2802 ap·

152 2830 197 2901 38
208 2829 338 2915 pellant.
385 2821 488 2908 Igitur
511 2824 610 2908 pedes
632 2824 720 2889 velut
751 2823 873 2888 divisus
903 2823 936 2886 in
967 2842 1086 2887 cornua
1112 2823 1297 2887 circum-11

205 2931 279 2997 dato
303 2929 457 3014 equitatu,
487 2928 603 2993 levatis
631 2948 728 3013 super
757 2927 865 3011 capita
895 2926 1003 3005 armis,
1035 2925 1122 2991 haud
1145 2947 1243 3010 aegre

204 3037 246 3101 ad
275 3036 382 3120 ipsum
411 3033 540 3099 alveum
570 3039 727 3117 penetrat.
773 3031 898 3097 Primus
921 3031 1006 3095 inter
1034 3030 1162 3116 pedites
1185 3052 1243 3096 rex
1263 3043 1295 3094 18
1324 3035 1328 3044 ’

205 3158 356 3223 egressus
378 3137 411 3202 in
440 3137 543 3222 ripam
565 3135 684 3201 vadum
714 3136 867 3201 militibus
891 3155 996 3216 manu,
1030 3134 1158 3218 quando
1181 3156 1245 3200 vox

204 3239 349 3308 exaudiri
382 3262 445 3306 non
478 3246 613 3325 poterat,
649 3237 796 3305 ostendit.
846 3237 911 3304 Sed
946 3239 1083 3321 gradum
1118 3239 1244 3303 firmare

203 3349 258 3414 vix
280 3353 437 3432 poterant,
470 3365 542 3410 curn
573 3343 667 3409 modo
698 3363 776 3409 saxa
805 3344 929 3408 lubrica
959 3343 1132 3427 vestigium
1155 3343 1244 3408 falle-

203 3457 283 3530 rent,
306 3449 401 3515 modo
423 3447 565 3534 rapidior
595 3447 681 3512 unda
704 3447 906 3513 subduceret.
953 3447 1150 3531 Praecipuus
1174 3454 1295 3512 111119

203 3555 293 3620 labor
315 3573 436 3631 eorum,
461 3553 516 3635 qui
539 3550 681 3617 humeris
697 3571 793 3616 onera
816 3551 1005 3634 portabant:
1029 3551 1147 3634 quippe
1170 3571 1243 3615 oum

202 3658 393 3743 semetipsos
416 3676 531 3740 regere
554 3677 619 3720 non
649 3661 789 3739 possent,
820 3655 853 3717 in
876 3654 1006 3737 rapidos
1029 3654 1175 3737 gurgites
1197 3653 1243 3718 in-

204 3763 370 3829 commodo
408 3781 504 3828 onere
542 3762 778 3841 auferebantur,
818 3766 859 3841 et,
882 3757 974 3823 'dum
1013 3778 1072 3824 sua
1107 3754 1242 3842 quisque

205 3868 307 3952 spolia
337 3866 490 3949 consequi
524 3865 642 3946 studet,
677 3863 779 3928 maior
811 3863 893 3928 inter
922 3863 1009 3948 ipsos
1039 3883 1137 3946 quam
1169 3883 1240 3927 cum
