2976 4322
581 820 631 923 Q.
664 819 839 906 CURTI
882 822 1018 906 RUFI
1083 848 1086 856 ·

667 994 919 1048 HISTORIARUM

389 1143 883 1244 ALEXANDRI
930 1143 1195 1244 MAGNI

636 1341 948 1408 MACEDONIS

692 1499 803 1553 arona
821 1500 894 1553 vin.

740 1647 804 1700 Gar.
823 1647 845 1700 I.

238 1773 250 1822 1
374 1756 557 1821 Alexander
578 1758 696 1822 maiore
726 1757 813 1823 sama
843 1779 937 1841 quam
967 1758 1069 1842 gloria
1094 1759 1127 1822 in
1149 1753 1342 1823 dicioneml

269 1860 401 1926 redacta
422 1869 521 1945 petra,
553 1881 624 1926 cum
654 1869 783 1947 propter
805 1883 923 1945 vagum
953 1862 1077 1927 hostem
1107 1861 1311 1946 spargendae

270 1985 383 2029 manus
406 1973 520 2046 essent,
544 1965 577 2028 in
600 1973 664 2030 tres
687 1974 794 2050 pantes
817 1966 924 2031 divisit
939 1966 1122 2031 exercitum.
1162 1963 1313 2049 Hephae-

270 2068 404 2133 stionem
426 2069 489 2149 uni,
521 2069 651 2134 Ooenon
680 2070 772 2134 alteri
802 2069 899 2135 duces
930 2069 1072 2150 dederat,
1102 2070 1172 2153 ipse
1195 2069 1311 2134 ceteris

236 2190 252 2238 2
271 2179 425 2256 praeerat.
473 2171 538 2237 Sed
560 2195 624 2238 non
647 2172 760 2239 eadem
783 2193 872 2239 mens
902 2174 1046 2240 omnibus
1069 2173 1214 2238 barbaris
1237 2170 1309 2238 fuit.

270 2276 374 2340 Armis
401 2276 529 2358 quidam
559 2277 690 2358 subacti,
722 2279 828 2361 plures
858 2285 932 2342 ante
963 2285 1124 2342 certamen
1153 2277 1311 2361 imperata

270 2380 429 2444 fecerunt:
461 2381 573 2462 quibus
608 2402 724 2462 eorum,
760 2381 813 2462 qui
846 2382 879 2446 in
913 2380 1093 2446 defectione
1126 2401 1311 2467 persevera-

236 2491 389 2564 3verant,
414 2485 508 2549 nrbes
531 2506 689 2569 agrosque
713 2486 803 2550 iussit
825 2485 962 2550 attribui.
998 2485 1041 2549 At
1064 2486 1174 2550 exules
1190 2484 1310 2549 Bactri-

268 2588 321 2652 ani
345 2609 416 2652 cum
446 2599 537 2652 Doce
561 2590 815 2673 Massagetarum
845 2589 1002 2671 equitibus
1033 2589 1194 2673 proximos
1220 2589 1309 2656 vicos

268 2699 481 2757 vastaverunt.
527 2693 579 2757 Ad
602 2713 680 2775 quos
703 2692 896 2758 coercendos
919 2692 1054 2774 Attinas,
1077 2694 1217 2776 regionis
1241 2695 1309 2760 eius

269 2797 459 2882 praefectus,
494 2808 558 2861 000
590 2797 720 2880 equites,
755 2796 950 2878 insidiarum,
987 2817 1069 2878 quae
1103 2799 1306 2882 parabantur,

234 2905 406 2987 signarus,
439 2901 557 2967 eduxit.
604 2902 749 2984 Namque
780 2901 879 2966 hostis
909 2902 942 2965 in
972 2901 1059 2966 silvis
1091 2939 1132 2947 —
1163 2909 1195 2966 et
1217 2913 1309 2982 erant

268 3009 349 3074 forte
373 3028 485 3091 campo
508 3008 634 3071 iunctae
652 3044 692 3052 -
708 3013 863 3070 armatum
874 3006 1005 3071 militem
1029 3006 1178 3088 condidit,
1196 3009 1307 3092 paucis

268 3112 516 3198 propellentibus
539 3132 664 3195 peoora,
678 3117 712 3174 ut
733 3109 944 3194 improvidum
966 3109 1009 3174 ad
1031 3109 1162 3176 insidias
1185 3113 1308 3196 praeda

233 3237 249 3286 5
268 3217 464 3302 perduceret.
512 3216 624 3298 Itaque
646 3215 854 3299 incomposito
877 3213 1005 3297 agmine
1029 3215 1202 3297 solutisque
1226 3216 1306 3281 ordi-

266 3322 358 3386 nibus
381 3319 506 3385 Attinas
537 3319 782 3404 praedabundus
813 3320 1019 3401 sequebatur:
1052 3339 1146 3400 quem
1168 3328 1307 3404 praeter-

267 3445 410 3511 gressum
441 3425 561 3506 silvam,
597 3425 650 3507 qui
679 3425 712 3488 in
745 3445 784 3488 ea
817 3423 1036 3504 consederant,
1062 3445 1101 3488 ex
1132 3425 1305 3509 improviso

232 3548 247 3598 6
266 3528 369 3593 adorti
392 3549 463 3593 cum
486 3529 629 3594 omnibus
644 3529 879 3594 interemerunt.
915 3528 1066 3594 Celeriter
1081 3528 1124 3594 ad
1140 3528 1304 3595 Craterum

267 3633 357 3700 buius
381 3632 480 3698 cladis
510 3632 597 3698 fama
627 3635 750 3718 perlata
773 3641 838 3699 est:
870 3635 922 3716 qul
953 3655 1025 3699 oum
1055 3634 1139 3699 omni
1162 3633 1305 3716 equitatu

266 3737 457 3822 supervenit.
518 3737 558 3800 Et
596 3737 798 3821 Massagetae
837 3738 964 3820 quidem
1007 3739 1071 3804 iam
1107 3738 1303 3821 refugerant,

266 3839 380 3906 Dahae
403 3840 488 3906 mille
512 3841 655 3924 oppressi
671 3849 759 3906 sunt:
784 3863 914 3924 quorum
938 3842 1029 3908 clade
1052 3843 1147 3908 totius
1163 3842 1303 3926 regionis
