3028 4322
272 225 315 289 30
664 224 694 290 o.
715 223 927 277 1111111011

270 431 424 512 hortatus,
445 429 535 513 equis
558 429 695 495 calcaria
717 428 804 496 iubet
834 427 970 494 subdere
994 435 1026 494 11
1047 429 1114 494 1111
1136 429 1255 513 impetu
1277 428 1309 494 in

237 534 396 600 9110111111
418 533 521 600 evehi.
567 532 610 598 At
632 533 686 618 illi,
710 553 790 616 quae
813 533 975 599 subierant
998 534 1147 600 oneribus
1173 533 1308 615 omissis,

271 658 328 723 per
353 645 473 702 metum
503 644 673 722 capessunt
704 636 831 719 fugam:
861 637 975 702 armati
1005 657 1140 720 quoque,
1172 636 1226 719 qui
1256 656 1310 702 eos

271 741 553 826 prosequebantur,
592 740 705 806 codem
742 747 830 805 metu
867 761 954 805 arma
991 741 1110 806 iactare
1154 761 1193 806 ac
1236 747 1312 804 nota

222 861 255 910 10
273 844 469 910 deverticula
491 851 600 931 petere
624 851 807 929 coeperunt.
853 844 1047 925 Praefectus,
1073 845 1165 928 quasi
1188 849 1219 910 ct
1241 843 1311 928 ipsc

273 949 469 1030 conterritus,
502 949 653 1014 simulans
677 956 790 1014 cuncta
812 967 931 1033 pavore
959 950 1182 1034 compleverat.
1227 947 1312 1013 Iace-

272 1055 349 1120 bant
378 1053 454 1119 totis
484 1053 605 1138 eampis
635 1072 714 1138 opes
743 1053 862 1137 regiae,
897 1053 953 1117 illa
986 1053 1122 1137 pecunia
1152 1053 1312 1136 stipendio

274 1157 400 1240 ingenti
436 1158 570 1222 militum
609 1163 805 1241 praeparata,
844 1157 897 1221 ille
936 1157 1039 1222 cultus
1075 1163 1123 1221 tot
1160 1156 1313 1222 nobilium

272 1262 420 1343 virorum,
455 1269 502 1326 101
533 1261 700 1326 illustrium
731 1261 928 1342 feminarum,
974 1281 1071 1326 aurea
1103 1281 1190 1342 vasa,
1225 1261 1313 1325 aurei

224 1381 252 1430 11
273 1366 364 1446 freni,
395 1364 600 1430 tabernacula
622 1363 725 1447 regali
754 1363 990 1447 magnificentia
1016 1371 1135 1445 ornata,
1167 1363 1314 1428 vehicula

274 1489 399 1553 quoque
436 1488 457 1533 a
494 1469 559 1532 suis
596 1466 757 1549 destituta,
796 1468 936 1551 ingentis
981 1467 1164 1552 opulentiae
1208 1469 1313 1554 plena,

274 1573 373 1638 facies
397 1572 492 1638 etiam
519 1570 747 1656 praedantibus
778 1571 887 1653 tristis,
920 1571 947 1636 si
978 1592 1040 1654 qua
1069 1591 1121 1636 res
1150 1572 1315 1638 avaritiam

274 1683 459 1741 moraretur.
514 1674 651 1760 Quippe,
674 1683 722 1741 tot
754 1695 909 1740 annornm
942 1674 1124 1742 incredibili
1157 1684 1189 1742 et
1221 1676 1315 1742 fidem

274 1779 451 1846 excedente
475 1781 601 1845 fortuna
624 1779 791 1862 cumulata,
814 1787 889 1844 tunc
904 1780 968 1844 alia
994 1771 1145 1865 stirpibus
1166 1781 1318 1870 lacerata,

273 1884 337 1948 alia
367 1885 400 1948 in
431 1885 563 1975 caenum
594 1883 739 1949 demersa
769 1885 992 1950 cernebantur:
1023 1904 1086 1949 non
1116 1883 1316 1950 sufficiebant

234 2003 265 2052 12
284 1987 506 2074 praedantium
521 2008 632 2052 manus
649 1987 797 2073 praedae.
835 1989 966 2070 Iamque
989 1988 1084 2053 etiam
1105 1987 1148 2052 ad
1171 2009 1234 2070 eos,
1259 1989 1312 2071 qui
1325 1997 1369 2068 35

273 2092 366 2178 primi
389 2091 544 2175 fugerant,
568 2099 696 2156 ventum
727 2099 803 2157 erat.
827 2091 976 2157 Feminae
1006 2092 1177 2176 pleraeque
1200 2112 1314 2177 parvos

273 2197 435 2262 trahentes
459 2197 575 2262 liberos
606 2197 709 2262 ibant:
749 2197 832 2262 inter
857 2216 934 2279 quas
957 2203 1022 2262 tres
1053 2196 1141 2262 fuere
1163 2197 1313 2281 virgines,

274 2301 364 2381 Ochi,
397 2300 451 2383 qui
474 2308 548 2366 ante
573 2301 713 2366 Dareum
736 2309 934 2384 regnaverat,
966 2300 1058 2382 filiae,
1090 2301 1165 2366 olim
1187 2300 1315 2384 quidem

275 2426 316 2471 ex
338 2404 468 2487 fastigio
492 2413 624 2490 patemo
646 2426 750 2470 rernm
773 2405 945 2471 mutatione
968 2405 1138 2486 detractae,
1170 2403 1316 2470 sedtum

226 2530 257 2580 13
276 2516 393 2575 sortem
417 2529 523 2574 earum
547 2508 705 2574 crudelius
735 2516 932 2592 aggravante
963 2509 1096 2574 fortuna.
1143 2509 1181 2573 In
1204 2508 1316 2574 eodem

276 2634 377 2698 grege
407 2632 487 2677 uxor
517 2632 644 2696 quoque
675 2613 817 2678 eiusdem
844 2613 924 2678 Ochi
955 2613 1015 2678 fuit
1037 2613 1250 2697 Oxathrisque
1273 2651 1316 2660 —

276 2719 374 2784 frater
397 2716 448 2781 hio
472 2724 539 2781 erat
563 2717 725 2782 Darei-
750 2717 814 2783 filia
844 2725 875 2782 11
906 2717 1021 2782 coniux
1045 2716 1203 2798 Artabani,
1235 2717 1315 2802 prin-

230 2841 262 2892 14
276 2822 356 2907 cipis
379 2828 628 2907 purpuratorum,
653 2821 815 2904 filiusque:
841 2822 962 2888 Ilioneo
986 2821 1046 2887 fuit
1062 2841 1190 2888 nomen,
1221 2821 1316 2886 Phar-

275 2925 387 2992 nabazi
417 2945 550 3009 quoque,
583 2926 633 2990 cui
664 2946 819 2991 summum
851 2927 1017 3010 imperium
1044 2926 1219 2992 maritimae
1242 2947 1316 2992 orae

275 3051 332 3096 rex
355 3029 495 3111 dederat,
520 3050 599 3096 uxor
622 3050 693 3094 cum
715 3030 781 3096 filio
805 3037 940 3116 excepta
963 3037 1020 3112 est,
1053 3030 1208 3096 Mentoris
1231 3029 1316 3095 filiae

275 3143 339 3201 tres
374 3155 412 3199 ac
445 3134 633 3200 nobilissimi
667 3135 756 3201 ducis
791 3136 967 3201 Memnonis
1002 3136 1118 3201 coniux
1149 3143 1180 3201 11
1214 3135 1314 3202 lilius:

276 3240 394 3322 vixque
417 3239 482 3303 ulla
505 3238 617 3304 domus
648 3240 812 3324 purpurati
842 3240 903 3304 fuit
933 3247 1040 3306 tantae
1071 3240 1171 3305 eladis
1194 3264 1312 3326 capere.

228 3345 358 3411 1111111
381 3345 471 3430 capti
492 3354 566 3407 errat
588 3343 834 3410 Lacedaemonii
864 3351 896 3410 et
918 3344 1132 3411 Athenienses
1156 3344 1316 3410 societatis

276 3446 338 3513 fide
368 3446 486 3512 violata
516 3449 629 3513 Persas
660 3448 777 3513 secuti:
801 3448 999 3532 Aristogiton
1030 3457 1061 3514 11
1092 3447 1254 3533 Dropides
1285 3455 1317 3513 et

276 3551 462 3637 Iphicrates,
486 3553 567 3618 inter
589 3551 801 3619 Athenienses
825 3573 942 3636 genere
966 3554 1113 3637 famaque
1136 3555 1232 3636 longe
1256 3553 1316 3617 cla-

275 3656 399 3737 rissimi,
432 3655 675 3722 Lacedaemonii
698 3657 877 3742 Pausippus
908 3666 940 3722 et
962 3657 1221 3724 Onomastorides
1245 3677 1316 3722 eum

229 3775 260 3825 16
279 3758 417 3827 Monimo
434 3768 465 3826 ot
481 3759 692 3844 Callicratide,
717 3760 750 3825 hi
774 3781 899 3844 quoque
915 3761 1000 3826 domi
1016 3761 1149 3830 nobiles.
1187 3761 1317 3826 Summa

275 3864 429 3948 pecuniae
460 3863 606 3949 signatae
641 3864 700 3929 fuit
733 3865 885 3930 talentum
915 3866 947 3929 ll
977 3865 1064 3930 milia
1094 3873 1126 3930 et
1159 3871 1314 3945 sescenta,
