2970 4322
355 189 606 244 HISTORIARUM
624 187 840 242 ALEXANDRI
859 187 936 240 Vllll
954 189 978 239 7.
998 189 1021 239 6.
1147 185 1208 249 271

170 402 279 462 autem
307 396 396 461 vicos
430 394 568 460 maxime
598 394 631 460 in
650 394 731 479 ,ripa
764 393 928 459 habebant
962 429 1002 440 -
1037 398 1072 458 ut
1100 391 1211 458 videre

170 507 274 566 totum
289 521 425 582 amnem,
450 519 512 582 qua
535 497 674 584 prospici
696 504 831 583 poterat,
854 496 993 579 navigiis
1016 503 1211 562 constratum

171 611 202 670 et
217 610 267 669 tot
281 604 418 669 militum
433 623 523 668 arma
545 603 711 686 fulgentia,
734 601 836 667 territi
858 622 943 667 noua
965 601 1056 682 facie,
1081 601 1211 666 deorum

170 709 343 774 exercitum
374 715 405 773 et
435 707 533 772 alium
566 706 715 772 Liberum
749 707 886 786 Patrem,
922 706 1047 772 celebre
1080 705 1113 769 in
1146 704 1210 770 illis

168 813 317 896 gentibus
350 831 475 892 nomen,
513 811 687 877 adventare
722 810 902 876 eredebant.
959 809 1042 874 Hinc
1075 808 1245 874 militumo
1291 823 1301 831 ²

170 917 299 995 clamor,
322 915 396 980 hinc
417 934 575 981 remorum
598 914 708 999 pulsus
731 913 902 996 variaeque
924 920 1094 978 nautarum
1116 931 1211 977 voces

169 1021 364 1086 hortantium
394 1019 531 1104 pavidas
566 1039 659 1084 aures
682 1019 902 1104 impleverant.
955 1019 1041 1101 Ergo
1070 1017 1244 1082 universis

169 1125 212 1189 ad
235 1145 298 1206 eos,
324 1124 433 1207 quiin
455 1125 551 1190 armis
574 1129 673 1205 erant,
698 1129 835 1204 currunt,
866 1123 971 1188 furere
993 1121 1207 1188 clamitantes:

170 1250 242 1294 cum
265 1228 314 1294 dis
336 1229 493 1314 proelium
514 1228 659 1309 inituros,
686 1227 817 1310 navigia
839 1247 903 1292 non
925 1246 1020 1312 posse
1042 1225 1208 1306 numerari,

170 1354 252 1416 quae
274 1333 409 1399 invictos
431 1333 519 1398 viros
542 1332 705 1398 veherent.
751 1331 951 1413 Tantumque
974 1331 1006 1396 in
1037 1329 1210 1396 exercitum
1233 1335 1234 1338 ’

170 1455 299 1501 suorum
328 1437 465 1502 intulere
494 1435 632 1517 terroris,
667 1442 702 1500 ut
731 1435 857 1518 legatos
886 1435 1047 1500 mitterent
1080 1439 1209 1517 gentem

169 1539 345 1606 dedituros.

114 1641 155 1712 31
274 1645 334 1710 His
349 1645 380 1710 in
395 1644 492 1709 fidem
507 1644 648 1730 acceptis
663 1643 705 1708 ad
720 1643 801 1708 alias
822 1642 938 1708 deinde
961 1648 1074 1726 gentes
1097 1649 1208 1726 quarto
1227 1652 1243 1703 8

171 1749 224 1816 die
246 1749 401 1834 pervenit.
446 1749 556 1814 Nihilo
579 1749 652 1833 plus
674 1748 772 1812 animi
797 1747 848 1813 his
878 1747 940 1811 fuit
969 1768 1064 1830 quam
1094 1747 1208 1813 ceteris

169 1852 283 1918 fuerat.
329 1854 443 1936 ltaque
470 1852 589 1938 oppido
619 1851 663 1916 ibi
694 1850 834 1930 condito,
865 1850 951 1935 quod
973 1849 1207 1916 Alexandream

168 1956 324 2041 appellari
343 1957 488 2038 iusserat,
511 1954 591 2021 fines
614 1975 732 2037 eorum,
749 1956 804 2038 qui
820 1955 976 2022 Musicani
994 1954 1206 2040 appellantur,

166 2061 308 2127 intravit.
352 2061 414 2125 Hic
436 2061 476 2127 de
498 2061 638 2126 Teriolte
665 2068 801 2145 satrape,
832 2080 925 2144 quem
947 2059 1207 2144 Parapamisadis
1226 2069 1242 2119 9

167 2165 375 2250 praefecerat,
398 2165 501 2232 isdem
523 2165 730 2248 arguentibus
754 2163 904 2246 cognovit
926 2164 1089 2246 multaque
1111 2185 1208 2230 avare

166 2291 205 2334 ao
229 2271 368 2354 superbe
391 2269 506 2335 fecisse
529 2271 708 2334 convictum
731 2267 866 2334 interfici
889 2268 991 2334 iussit.
1038 2266 1206 2352 Oxyartes,
1228 2277 1260 2327 10

166 2380 295 2457 praetor
317 2375 569 2455 Bactrianorum,
600 2393 663 2437 non
690 2373 858 2438 absolutus
889 2373 995 2453 modo,
1025 2373 1206 2438 sedetiam

165 2477 234 2542 iure
249 2477 366 2542 amoris
390 2477 554 2562 amplioris
576 2477 702 2562 imperii
725 2476 862 2542 donatus
886 2482 935 2542 est
958 2475 1082 2542 finibus.
1112 2476 1207 2542 Musi-

167 2582 255 2646 canis
271 2581 385 2646 deinde
400 2581 433 2646 in
449 2580 606 2647 dicionem
625 2581 764 2646 redactis
786 2580 857 2646 urbi
880 2601 989 2646 eorum
1012 2579 1206 2664 praesidium

166 2685 326 2770 imposuit.

269 2789 349 2856 Inde
380 2789 426 2853 od
448 2791 607 2871 Praestos,
638 2795 670 2855 et
698 2790 803 2875 ipsam
825 2789 937 2854 Indiae
968 2795 1107 2871 gentem,
1138 2809 1206 2872 por·
1226 2797 1253 2846 11

166 2899 295 2958 ventum
318 2901 375 2959 est.
420 2894 608 2959 Porticanus
629 2915 687 2958 rex
710 2902 793 2968 erat:
818 2895 871 2977 qui
899 2913 935 2958 se
965 2894 1106 2958 munitae
1135 2894 1206 2958 urbi

166 3017 237 3062 cum
267 3017 384 3081 magna
413 3017 509 3062 manu
539 2997 740 3083 popularium
771 2998 952 3062 incluserat.
998 2997 1091 3062 Hanc
1113 2996 1206 3062 Alex·

165 3100 264 3166 ander
285 3102 379 3166 tertio
410 3101 472 3183 die,
503 3123 598 3184 quam
629 3109 778 3187 coeperat
808 3101 964 3183 obsidere,
998 3103 1205 3186 expugnavit.

166 3206 206 3268 Et
235 3205 430 3286 Porticanus,
466 3227 538 3271 oum
567 3206 601 3270 in
630 3227 735 3271 arcem
767 3205 974 3288 confugisset,
1009 3205 1135 3289 legatos
1165 3206 1205 3272 de
1226 3212 1257 3262 12

166 3305 350 3374 condicione
385 3309 557 3376 deditionis
589 3309 675 3375 misit
708 3309 750 3374 ad
784 3330 908 3393 regem:
943 3310 1001 3375 sed
1034 3315 1206 3392 antequam

164 3412 290 3479 adirent
305 3433 386 3495 eum,
403 3414 485 3480 duae
500 3421 603 3478 turres
619 3434 690 3478 cum
705 3413 828 3496 ingenti
844 3414 972 3496 fragore
987 3413 1205 3499 prociderant:

165 3536 224 3601 per
252 3537 385 3600 quarum
415 3519 524 3583 ruinas
551 3517 742 3583 Macedones
773 3537 904 3583 evasere
932 3518 965 3582 in
996 3538 1110 3599 arcem,
1142 3538 1206 3601 qua

165 3627 259 3705 capta
282 3621 468 3688 Porticanus
492 3642 564 3686 cum
586 3621 697 3705 paucis
720 3641 905 3706 repugnans
930 3621 1093 3686 occiditur.

111 3722 156 3793 32
274 3725 388 3790 Diruta
403 3725 501 3808 igitur
523 3745 596 3790 aree
617 3731 651 3790 et
673 3725 820 3790 omnibus
843 3725 980 3810 captivis
1005 3724 1205 3792 venumdatis
1225 3739 1257 3788 13

166 3827 276 3893 Sambi
306 3827 391 3911 rogis
420 3828 498 3894 fines
528 3828 691 3912 ingressus
724 3835 774 3894 est
808 3829 982 3911 multisque
1016 3829 1142 3914 oppidis
1170 3826 1203 3892 in
