2976 4322
404 196 654 251 HISTORIARUM
671 197 886 252 ALEXANDRI
904 199 955 251 VII
974 202 997 252 5.
1163 200 1224 264 183

186 402 295 490 oppidi
326 403 493 468 circumire
522 403 609 470 iussa
639 410 672 468 et
702 403 777 469 dato
806 404 898 487 signo
929 404 1067 490 diripere
1102 405 1223 488 urbem,

184 508 383 593 proditorum
413 508 659 592 receptaculum,
695 505 849 594 ipsosque
878 509 921 576 ad
952 529 1050 575 unum
1080 510 1223 578 caedere.

183 611 233 676 Illi
270 613 408 678 inermes
445 611 566 699 passim
603 611 812 694 trucidantur,
850 633 909 679 nee
942 621 996 680 aut
1034 615 1224 680 commercio
1244 626 1277 676 33

182 715 311 800 linguae
334 723 390 782 aut
420 713 599 803 supplicum
629 717 818 784 velamentis
847 717 1061 802 precibusque
1083 719 1224 786 inhiberi

182 819 354 887 crudelitas
387 827 501 906 potest
548 820 703 902 Tandem,
738 829 773 886 ut
806 820 978 903 deicerent,
1014 822 1224 889 fundamenta

182 945 343 990 murorum
363 925 404 990 ab
427 922 491 990 imo
522 925 703 1004 moliuntur,
743 946 784 991 ne
814 925 899 1008 quod
929 926 1018 992 urbis
1049 927 1224 1011 vestigium

181 1036 314 1095 extaret.
358 1030 499 1095 Nemora
521 1049 648 1114 quoque
677 1031 832 1114 lucosque
861 1051 968 1097 saeros
995 1052 1059 1096 non
1082 1032 1222 1098 caedunt
1243 1042 1276 1092 34

181 1133 285 1216 modo,
309 1134 366 1200 sed
390 1135 487 1200 etiam
509 1132 680 1220 extirpant,
712 1141 746 1199 ut
768 1142 862 1200 vasta
885 1135 1024 1200 solitudo
1048 1143 1080 1202 et
1103 1136 1221 1202 sterilis

181 1236 305 1320 humus,
329 1237 474 1304 excussis
499 1239 595 1304 etiam
617 1238 790 1322 radicibus,
822 1240 1025 1322 linqueretur.
1074 1239 1164 1318 Quae
1195 1241 1223 1308 si
1242 1251 1274 1301 35

180 1341 213 1406 in
246 1342 332 1426 ipsos
362 1342 550 1427 proditionis
584 1350 731 1408 auctores
766 1344 949 1426 excogitata
984 1352 1101 1424 essent,
1137 1344 1223 1410 iusta

179 1446 256 1511 ultio
269 1466 349 1526 esse,
362 1467 424 1511 non
439 1447 610 1513 crudelitas
622 1447 801 1512 videretur:
825 1468 908 1513 nunc
925 1448 1050 1532 culpam
1063 1449 1219 1514 maiorum

178 1550 300 1634 posteri
322 1551 418 1632 luere,
443 1551 496 1634 qul
518 1571 559 1617 ne
581 1549 727 1618 viderant
750 1551 879 1634 quidem
904 1551 1056 1632 Miletum,
1089 1553 1162 1618 ideo
1188 1561 1219 1619 et

178 1654 279 1720 Xerxi
301 1674 366 1720 non
387 1662 556 1740 potuerant
578 1655 724 1740 prodere.

125 1759 170 1832 24
284 1758 364 1825 Inde
386 1759 544 1844 processit
566 1759 609 1824 ad
631 1756 754 1826 Tanain
777 1781 913 1826 amnem.
953 1759 1022 1838 Quo
1045 1760 1219 1846 perductus
1238 1771 1270 1820 36

177 1867 225 1928 est
248 1863 367 1930 Bessus
390 1884 453 1928 non
476 1862 602 1930 vinetus
619 1863 722 1945 modo,
748 1864 806 1930 sed
822 1865 919 1930 etiam
935 1864 1020 1929 omni
1036 1865 1217 1932 velamento

176 1968 316 2052 corporis
346 1967 510 2052 spoliatus.
558 1967 761 2053 Spitamenes
791 1989 863 2034 eum
896 1969 1026 2034 tenebat
1057 1970 1140 2034 collo
1172 1969 1220 2034 in·

176 2078 260 2137 serta
283 2081 405 2153 catena,
437 2079 503 2136 tam
533 2071 677 2138 barbaris
709 2092 804 2155 quam
828 2073 1060 2138 Macedonibus
1091 2080 1220 2157 gratum

175 2177 401 2261 spectaculum.
462 2175 546 2240 Tum
584 2175 793 2262 Spitamenes,
829 2177 883 2241 ‘ut
919 2180 976 2258 te’,
1019 2177 1130 2258 inquit,
1169 2179 1215 2243 ‘et
1235 2186 1269 2237 37

178 2279 319 2346 Dareum
364 2299 459 2364 reges
493 2300 581 2345 meos
615 2282 710 2363 ultus,
745 2280 982 2346 interfectorem
1016 2280 1136 2346 domini
1171 2281 1221 2346 sui

177 2383 308 2465 adduxi,
341 2404 377 2450 eo
408 2384 503 2450 modo
534 2392 670 2471 ceptum,
703 2384 793 2451 cuius
823 2384 892 2470 ipse
916 2383 994 2450 fecit
1024 2385 1216 2470 exemplum.

176 2487 308 2574 Aperiat
332 2488 375 2554 ad
398 2489 458 2554 hoc
482 2490 699 2573 spectaculum
722 2489 832 2555 oculos
848 2490 990 2554 Dareus!
1032 2490 1156 2555 Existat
1178 2491 1219 2556 ab

176 2593 297 2674 inferis,
328 2593 382 2674 qui
413 2593 466 2658 illo
497 2594 654 2680 supplicio
685 2593 837 2677 indignus
868 2593 928 2658 fuit
958 2601 990 2658 et
1016 2593 1077 2658 hoc
1101 2594 1219 2659 solacio

176 2698 292 2781 dignus
315 2699 394 2764 estl'
442 2699 625 2764 Alexander
651 2688 791 2762 multum
815 2696 996 2763 collaudato
1032 2697 1217 2782 Spitamene
1237 2705 1271 2757 38

176 2823 349 2869 conversus
389 2804 432 2869 ad
469 2804 612 2884 Bessum,
648 2802 786 2884 ‘Cuius',
825 2803 936 2886 inquit,
972 2802 1075 2868 ‘ferae
1113 2803 1220 2868 rabies

175 2907 343 2994 occupavit
380 2908 519 2973 animum
556 2915 654 2988 tuum,
694 2928 766 2972 oum
803 2928 914 2990 regem
952 2907 993 2973 de
1030 2915 1062 2971 te
1099 2907 1218 2991 optime

176 3013 322 3078 meritum
344 3013 432 3097 prius
446 3013 576 3094 vincire,
601 3012 717 3078 deinde
741 3010 889 3076 occidere
912 3011 1114 3076 sustinuisti?
1153 3010 1219 3076 Sed

175 3115 268 3182 huius
298 3116 459 3202 parricidii
491 3117 671 3182 mercedem
704 3114 786 3180 falso
821 3115 907 3198 regis
941 3115 1068 3180 nomine
1101 3114 1218 3200 persol-

174 3221 247 3286 visti
270 3221 352 3286 tibi’.
398 3221 467 3302 Ille,
487 3220 612 3286 facinus
642 3239 782 3306 purgare
812 3237 875 3283 non
907 3237 1014 3300 ausuS,
1034 3218 1120 3300 regis
1144 3218 1216 3282 titu·
1235 3223 1269 3276 39
1360 3271 1367 3280 ,

174 3325 238 3390 lum
268 3345 303 3391 se
333 3346 486 3410 usurpare
521 3324 611 3406 dixit,
646 3333 680 3389 ut
713 3331 844 3407 gentem
879 3343 968 3388 suam
998 3323 1124 3388 tradere
1156 3323 1216 3407 ipsi

174 3436 297 3514 posset:
330 3431 434 3512 quisi
464 3436 632 3512 cessasset,
664 3429 762 3494 alium
792 3428 890 3494 fuisse
921 3448 1055 3511 regnum
1078 3447 1211 3512 oocupa-

173 3539 285 3605 turum.
332 3534 373 3596 Et
403 3532 588 3598 Alexander
614 3530 786 3612 Oxathren,
818 3531 950 3596 fratrem
980 3531 1089 3610 Darei,
1119 3550 1213 3612 quem
1233 3545 1267 3595 40

174 3636 255 3702 inter
279 3637 423 3722 corporis
446 3635 596 3702 custodes
617 3635 767 3718 habebat,
784 3635 912 3721 propius
935 3634 1025 3700 iussit
1048 3633 1212 3714 accedere,

177 3741 324 3823 tradique
347 3741 482 3806 Bessum
505 3741 543 3821 ei,
574 3747 609 3806 ut
632 3740 718 3805 cruci
748 3739 879 3804 affixum
910 3738 1062 3804 mutilatis
1085 3738 1216 3803 auribus

173 3845 368 3928 naribusque
398 3845 524 3928 sagittis
554 3844 753 3930 configerent
786 3841 913 3908 barbari
950 3849 1213 3922 asservarentque
