3040 4318
395 267 646 322 HISTORIARUM
665 265 880 320 ALEXANDRI
898 266 935 320 IV
956 268 995 318 14.
1016 268 1056 320 15.
1208 265 1248 330 79

209 471 379 557 principes,
412 473 498 538 illam
532 474 676 538 subolem
706 472 816 556 regiae
848 472 964 555 stirpis,
997 471 1094 536 duces
1124 478 1248 538 vestros

209 595 335 641 reorum
358 577 459 643 instar
488 577 612 643 vinctos
643 576 756 642 habet:
788 576 849 642 nisi
880 576 958 662 quid
987 577 1020 641 in
1050 576 1141 642 vobis
1168 576 1245 661 spei,

209 699 271 763 ego
294 681 413 748 maiore
447 682 510 747 mei
543 689 633 765 parte
664 681 810 766 captivus
841 700 920 746 sum.
966 680 1087 766 Eripite
1122 681 1248 746 viscera

207 805 280 849 mea
311 805 351 850 ex
382 785 533 851 vinculis:
569 785 727 850 restituite
758 783 837 850 mihi
866 785 1009 869 pignora,
1044 805 1102 870 pro
1133 785 1248 866 quibus

208 888 270 972 ipsi
292 888 371 954 mori
401 910 464 953 non
487 889 650 971 recusatis,
674 896 849 973 parentem,
874 889 992 954 liberos
1014 927 1057 935 —
1079 909 1154 952 nam
1178 908 1247 952 oon·

207 992 314 1075 iugem
337 993 370 1056 in
397 993 451 1058 illo
475 1013 602 1057 carcere
626 993 728 1057 amisi.
775 991 913 1073 Credite,
947 1013 1031 1057 nuno
1054 1011 1164 1057 omnes
1187 990 1246 1056 hos
1265 1003 1299 1053 23

207 1096 340 1162 tendere
371 1097 413 1162 ad
444 1116 502 1162 101
531 1116 654 1177 manus,
690 1097 860 1182 implorare
889 1097 1008 1182 patrios
1032 1095 1117 1177 deos,
1153 1115 1247 1180 opem

206 1207 354 1282 vestram,
379 1200 637 1281 misericordiam,
663 1199 758 1264 fidem
774 1221 960 1284 exposcere,
977 1208 1012 1265 ut
1028 1199 1245 1285 compedibus,

207 1311 240 1368 ut
278 1305 441 1385 servitute,
480 1311 515 1369 ut
552 1305 698 1389 precario
736 1303 824 1370 victu
861 1304 949 1389 ipsos
986 1304 1137 1370 liberetis.
1196 1303 1246 1367 An

207 1407 347 1489 creditis,
377 1427 482 1490 aequo
505 1409 611 1472 animo
645 1408 685 1474 iis
718 1408 847 1489 servire,
883 1428 1017 1491 quorum
1050 1427 1144 1491 reges
1174 1427 1246 1472 esse

206 1511 397 1576 fastidiunt?
442 1511 545 1575 Video
575 1511 740 1576 admoveri
769 1511 908 1576 hostium
938 1511 1057 1576 aciem:
1092 1511 1150 1577 sed
1181 1530 1242 1592 quo
1262 1522 1296 1572 24

206 1615 336 1701 propius
366 1616 539 1681 discrimen
569 1615 697 1695 accedo,
733 1614 794 1680 hoo
829 1615 933 1681 minus
966 1613 1014 1696 iis,
1051 1636 1133 1697 quae
1168 1614 1244 1696 dixi,

205 1740 336 1804 possum
359 1739 429 1786 esse
452 1727 628 1784 contentus.
675 1719 737 1785 Per
760 1740 821 1803 ego
843 1739 901 1786 101
916 1719 995 1784 deos
1010 1719 1130 1804 patrios
1146 1725 1245 1784 aeter-

206 1845 345 1906 numque
374 1824 491 1907 ignem,
527 1824 580 1906 qui
610 1823 791 1908 praefertur
824 1824 987 1905 altaribus,
1022 1824 1245 1906 fulgoremque

206 1928 284 1992 solis
321 1928 403 1992 intra
439 1927 520 1994 fines
558 1928 649 2010 regni
686 1929 750 1993 mei
795 1928 934 2009 orientis,
980 1948 1038 2012 per
1081 1933 1245 1992 aeternam

206 2031 390 2097 memoriam
424 2031 509 2116 Cyri,
550 2032 603 2114 qui
637 2032 823 2117 ademptum
856 2031 960 2096 Medis
994 2030 1157 2115 Lydisque
1191 2031 1245 2095 im-

206 2135 329 2220 perium
351 2135 471 2220 primus
494 2135 526 2199 in
550 2135 715 2201 Persidem
738 2136 862 2201 intulit:
885 2135 1046 2201 vindicate
1069 2137 1109 2200 ab
1132 2135 1245 2199 ultimo

206 2239 363 2305 dedecore
393 2260 510 2305 nomen
541 2247 732 2323 gentemque
755 2241 932 2306 Persarum.
978 2241 1026 2305 lte
1057 2239 1182 2305 alacres
1213 2249 1245 2305 et
1264 2251 1296 2301 25

206 2344 336 2430 spiritus
359 2345 454 2428 pleni,
485 2351 530 2423 ut,
555 2365 650 2427 quam
673 2345 808 2428 gloriam
837 2345 1008 2430 accepistis
1031 2366 1051 2409 a
1072 2345 1245 2411 maioribus

206 2449 330 2530 vestris,
369 2450 507 2535 posteris
541 2449 746 2543 relinquatis..
794 2451 831 2514 ln
870 2451 990 2516 dextris
1027 2451 1144 2516 restris
1182 2451 1245 2516 iam

205 2555 395 2636 libertatem,
420 2575 522 2640 opem,
548 2575 638 2639 spem
661 2554 759 2619 futuri
781 2556 934 2641 temporis
957 2556 1079 2638 geritis.
1123 2555 1244 2639 Effugit

206 2666 348 2740 mortem,
380 2659 524 2742 quisquis
551 2660 794 2743 contempserit:
826 2658 1062 2725 timidissimum
1085 2682 1242 2743 quemque

207 2763 419 2846 consequitur.
464 2763 539 2846 Ipse
562 2783 626 2827 non
648 2765 752 2849 patrio
776 2786 864 2830 more
887 2766 998 2845 solum,
1023 2765 1081 2831 sed
1097 2767 1193 2831 etiam
1209 2773 1243 2830 ut
1262 2771 1296 2821 26

207 2867 349 2952 conspici
384 2867 514 2952 possim,
558 2887 650 2931 curru
692 2868 792 2932 vehor
832 2889 892 2933 neo
921 2888 1042 2950 recuso,
1078 2869 1245 2952 quominus

207 2969 374 3034 imitemini
396 2992 456 3052 me,
490 2971 558 3036 sive
581 2970 776 3037 fortitudinis
802 2974 983 3057 exemplum
1007 2973 1073 3038 sive
1097 2973 1246 3056 ignaviae

207 3074 315 3140 fuero.³

658 3185 722 3238 Car.
741 3186 799 3238 XV.

153 3280 196 3349 56
313 3282 444 3348 Interim
475 3284 666 3368 Alexander,
698 3294 787 3352 utet
817 3287 1066 3354 demonstratum
1095 3311 1115 3354 a
1149 3297 1247 3356 trans·
1284 3293 1297 3341 1

206 3384 286 3468 fuga
314 3387 501 3453 insidiarum
531 3390 636 3456 locum
667 3392 845 3457 circumiret
872 3399 903 3458 et
925 3394 1042 3474 Dareo,
1074 3393 1128 3476 qui
1151 3415 1247 3460 cornu

206 3491 362 3572 tuebatur,
399 3502 590 3576 occurreret,
626 3517 742 3579 agmen
777 3497 940 3579 obliquum
971 3498 1118 3564 incedere
1148 3500 1244 3564 iubet.

206 3595 332 3660 Dareus
363 3617 488 3681 quoque
511 3599 624 3665 eodem
648 3621 740 3666 suum
763 3603 906 3683 obvertit,
942 3603 1042 3668 Besso
1073 3603 1244 3686 admonito,
1282 3622 1298 3670 2

206 3707 242 3764 ut
271 3701 471 3785 Massagetas
506 3705 628 3787 equites
662 3706 694 3770 in
728 3706 856 3772 laevum
886 3707 1062 3773 Alexandri
1096 3730 1194 3774 eomu
1225 3735 1246 3773 c

207 3803 308 3869 latere
331 3805 440 3871 invehi
463 3807 595 3874 iuberet.
642 3811 716 3894 Ipse
739 3817 813 3876 ante
837 3831 872 3876 se
896 3811 1035 3877 falcatos
1058 3833 1170 3880 currus
1194 3814 1246 3878 ha·
1281 3828 1298 3878 3

206 3907 321 3974 bebat:
350 3930 428 3992 quos
463 3911 555 3996 signo
591 3913 665 3979 dato
699 3915 866 3980 universos
899 3915 931 3979 in
966 3917 1090 3982 hostem
1124 3916 1244 3982 effudit.
