2976 4322
368 237 619 295 HISTORIARUM
637 235 852 291 ALEXANDRI
870 235 921 288 VII
940 239 964 292 9.
986 237 1027 289 10.
1153 235 1214 298 197

656 445 722 500 cm.
740 445 773 499 X.

121 551 166 624 39
283 549 447 634 Sogdiana
467 548 557 633 regio
579 548 698 613 maiore
722 569 763 612 ex
781 552 871 631 parte
887 545 1014 611 deserta
1029 550 1093 610 est:
1118 543 1247 609 estin-1

174 662 272 738 genta
294 655 361 721 fere
385 654 489 721 stadia
503 655 536 718 in
551 652 751 718 latitudinem
766 657 877 717 vastae
893 649 1079 715 solitudines
1094 655 1212 714 tenent.

175 759 294 843 Ingens
317 759 453 844 spatium
474 764 581 823 rectae
604 756 744 840 regionis
767 762 824 837 est,
849 775 907 840 per
929 774 1024 837 quam
1046 753 1148 818 amnis
1171 791 1214 801 -
1232 767 1248 817 2

175 863 400 947 Polytimetum
422 868 538 927 vocant
567 861 691 926 incolae
716 897 756 906 -
779 859 887 924 fertur.
933 857 1119 922 Torrentem
1142 876 1214 921 eum

174 966 262 1050 ripae
285 967 318 1030 in
340 973 468 1032 tenuem
490 967 616 1031 alveum
639 971 766 1048 cogunt,
798 961 914 1028 deinde
937 982 1075 1027 caverna
1097 961 1214 1046 accipit

175 1078 207 1134 et
239 1071 298 1136 sub
316 1076 448 1136 'terram
477 1069 569 1154 rapit.
616 1069 733 1134 Cursus
766 1066 946 1132 absconditi
980 1065 1131 1130 indicium
1165 1073 1247 1131 esta

173 1194 275 1256 aquae
298 1174 432 1239 meantis
455 1193 559 1254 sonus,
585 1193 656 1239 cum
678 1173 782 1257 ipsum
805 1172 915 1252 solum,
939 1171 998 1236 sub
1021 1189 1084 1253 quo
1106 1175 1212 1235 tantus

173 1277 275 1342 amnis
308 1275 385 1358 fluit,
419 1297 460 1342 ne
493 1276 619 1342 modico
654 1274 781 1358 quidem
813 1274 943 1340 resudet
975 1273 1116 1338 humore.
1162 1273 1247 1338 Erro

173 1380 309 1465 captivis
321 1380 554 1464 Sogdianorum
566 1379 608 1445 ad
623 1401 734 1463 regem
751 1389 826 1442 XXX
838 1377 1034 1460 nobilissimi,
1047 1398 1213 1462 corporum

171 1485 286 1550 robore
316 1485 443 1566 eximio,
462 1483 606 1570 perducti
637 1491 743 1549 erant:
775 1483 829 1566 qui
858 1493 894 1547 at
924 1503 980 1567 per
1009 1482 1213 1566 interpretem

172 1596 390 1672 cognoverunt
407 1589 494 1654 iussu
509 1589 595 1673 regis
613 1589 700 1674 ipsos
715 1588 758 1654 ad
773 1587 962 1673 supplicium
977 1587 1069 1668 tradi,
1084 1607 1211 1651 carmen

171 1693 355 1758 laetantium
377 1693 471 1758 modo
495 1714 610 1758 canere
625 1692 833 1778 tripudiisque
849 1698 881 1757 et
896 1691 1054 1757 lasciviori
1070 1692 1210 1776 corporis

171 1803 258 1861 motu
295 1796 447 1880 gaudium
484 1795 645 1880 quoddam
681 1796 778 1860 animi
823 1802 981 1860 ostentare
1027 1803 1210 1879 coeperunt.

172 1899 354 1965 Admiratus
368 1921 435 1982 ren,
451 1906 540 1965 tanta
555 1899 774 1983 magnitudine
790 1899 887 1963 animi
903 1905 1053 1984 oppetere
1068 1906 1210 1981 mortem,
1230 1915 1246 1964 5

171 2004 314 2069 revocari
337 2024 392 2069 eos
421 2004 520 2085 iussit,
552 2024 682 2069 causam
710 2011 777 2068 tam
807 2003 928 2068 effusae
957 2003 1107 2084 laetitiae,
1139 2024 1210 2068 cum

171 2107 360 2192 supplicium
382 2114 455 2173 ante
478 2109 586 2174 oculos
613 2106 777 2189 baberent,
808 2108 980 2190 requirens.
1027 2107 1086 2189 Illi,
1119 2108 1146 2174 si
1168 2109 1209 2173 ab
1229 2123 1244 2173 6

171 2212 233 2276 alio
267 2211 494 2292 occiderentur,
529 2212 634 2277 tristes
668 2213 834 2277 morituros
868 2211 966 2278 fuisse
1000 2211 1210 2296 respondent:

170 2335 262 2397 nunc,
282 2336 302 2380 a
324 2322 411 2381 tanto
434 2336 521 2398 rege,
545 2315 665 2381 victore
696 2315 834 2381 omnium
857 2316 1008 2399 gentium,
1040 2315 1211 2381 maioribus

171 2419 234 2484 suis
257 2418 409 2500 redditos,
429 2419 596 2484 honestam
626 2427 768 2500 mortem,
800 2439 895 2501 quam
924 2419 1023 2486 fortes
1054 2419 1114 2484 viri
1136 2426 1210 2484 voto

170 2543 293 2606 quoque
317 2530 511 2609 expeterent,
543 2523 734 2588 carminibus
757 2523 805 2588 sui
836 2523 932 2588 moris
955 2524 1138 2606 laetitiaque
1162 2545 1211 2589 ce-

169 2627 302 2692 lebrare.
362 2628 444 2691 Tum
487 2648 554 2709 rex,
588 2626 761 2692 admiratus
805 2626 1057 2710 magnitudinem
1101 2627 1244 2712 animi,7

165 2732 324 2812 ‘Quaero’,
341 2731 450 2814 inquit,
467 2733 520 2796 ‘an
543 2732 650 2797 vivere
665 2732 769 2796 velitis
788 2753 852 2797 non
874 2731 992 2796 inimici
1014 2731 1099 2814 mihi,
1117 2735 1205 2801 cuius

168 2835 322 2902 beneficio
353 2835 465 2900 victuri
496 2836 591 2901 estis?
644 2836 695 2900 Illi
724 2856 895 2919 numquam
921 2856 956 2901 se
994 2837 1137 2904 inimicos
1167 2840 1245 2922 ei,8

167 2939 225 3006 sed
257 2941 339 3006 bello
369 2940 534 3006 lacessitos
565 2940 673 3006 hostes
703 2940 801 3006 fuisse
835 2939 1046 3025 respondent:
1081 2942 1108 3007 si
1139 2945 1208 3025 quis

167 3045 252 3129 ipsos
277 3044 428 3110 beneficio
445 3065 539 3127 quam
554 3045 668 3110 iniuria
684 3045 820 3130 experiri
835 3045 1006 3125 maluisset,
1031 3052 1208 3111 certaturos

166 3149 273 3230 fuisse,
286 3169 326 3214 ne
341 3149 542 3214 vincerentur
558 3148 671 3214 officio.
697 3148 982 3232 Interrogantique,
997 3169 1058 3231 quo
1075 3150 1207 3234 pignore
1227 3171 1242 3220 9

167 3252 262 3317 fidem
286 3253 455 3336 obligaturi
479 3261 593 3334 essent,
618 3253 724 3333 vitam,
749 3273 844 3335 quam
866 3252 1057 3336 acciperent,
1082 3255 1206 3338 pignori

163 3357 302 3421 futuram
324 3376 395 3422 esse
419 3355 582 3422 dixerunt:
606 3356 794 3437 reddituros,
813 3355 1002 3438 quandoque
1025 3358 1203 3442 repetisset.

162 3462 231 3526 Nec
247 3461 435 3545 promissum
451 3461 641 3526 fefellerunt.
669 3461 753 3525 Nam
772 3461 825 3542 qui
839 3460 963 3526 remissi
979 3459 1089 3526 domos
1106 3470 1204 3543 erant,

162 3565 226 3632 tide
242 3565 424 3631 continuere
440 3567 625 3650 populares:
643 3572 799 3648 quattuor,
811 3565 892 3629 inter
905 3563 1052 3629 custodes
1066 3566 1206 3649 corporis

164 3670 290 3752 retenti,
313 3671 390 3735 nulli
414 3669 624 3735 Macedonum
646 3670 679 3733 in
700 3689 811 3752 regem
834 3668 965 3733 caritate
989 3677 1162 3735 cesserunt.

107 3775 153 3847 40
274 3775 312 3840 In
342 3773 512 3858 Sogdianis
546 3774 704 3839 Peucolao
739 3793 810 3837 eum
842 3783 883 3835 111
908 3772 1033 3838 milibus
1066 3773 1207 3858 peditum
1228 3790 1260 3840 10

166 3919 206 3927 —
238 3900 343 3963 neque
375 3880 458 3946 enim
492 3879 611 3945 maiore
641 3879 801 3962 praesidio
830 3877 997 3961 indigebat
1027 3918 1067 3926 -
1098 3881 1208 3945 relicto
