3028 4322
417 221 670 276 HISTORIARUM
687 219 903 274 ALEXANDRI
921 220 959 274 IV
980 224 1001 272 1.
1018 223 1045 272 12.
1213 221 1253 284 37

214 432 348 497 navibus
371 430 514 495 Andrum
546 437 578 496 et
607 430 681 496 inde
705 415 861 514 Siphnum
890 429 990 514 petiit.
1037 430 1104 494 Has
1128 449 1253 512 quoque

213 535 332 600 insulas
355 535 522 620 praesidiis
545 541 688 621 occupat,
713 533 849 620 pecunia
870 535 992 599 multat.

287 687 289 694 .
316 639 503 722 Magnitudo
528 638 614 721 belli,
646 638 732 722 quod
761 640 802 704 ab
834 637 1082 723 opulentissimis
1105 639 1252 722 Europae
1272 647 1305 698 38

212 742 372 826 Asiaeque
402 743 532 826 regibus
561 743 594 807 in
625 761 716 828 spem
745 742 841 808 totius
872 742 958 808 orbis
992 742 1169 827 occupandi
1199 763 1252 826 ge·

210 847 347 928 rebatur,
378 845 531 913 Graeciae
555 867 680 930 quoque
711 854 743 912 01
767 845 881 912 Cretae
910 867 999 912 arma
1029 855 1250 914 commoverat.

210 949 300 1033 Agis,
331 949 654 1016 Lacedaemoniorum
683 971 749 1032 rex,
785 957 856 1015 octo
888 949 1015 1015 milibus
1047 949 1248 1030 Graecorum,
1271 961 1304 1011 39

211 1054 265 1138 qui
303 1075 343 1120 ex
377 1052 488 1124 Cilicia
523 1051 654 1140 profugi
691 1053 803 1119 domos
840 1053 1041 1139 repetierant,
1081 1054 1251 1119 contractis

209 1158 330 1223 bellum
366 1157 541 1243 Antipatro,
588 1158 796 1224 Macedoniae
834 1157 1006 1242 praefecto,
1052 1158 1252 1224 moliebatur.

209 1261 377 1349 Cretenses
399 1260 534 1328 hasart
556 1263 628 1328 illas
650 1270 757 1348 partes
783 1263 886 1328 secuti
907 1283 991 1328 nunc
1014 1263 1249 1347 Spartanorum,
1269 1273 1304 1324 40

209 1386 293 1431 nunc
315 1365 526 1432 Macedonum
549 1367 719 1452 praesidiis
748 1354 993 1452 occupabantur.
1041 1366 1107 1433 Sed
1129 1368 1252 1434 leviora

209 1471 291 1537 inter
323 1471 396 1537 illos
430 1471 519 1546 fuere
552 1471 744 1554 discrimina,
778 1493 875 1538 unum
910 1481 1077 1554 certamen,
1114 1494 1154 1538 ex
1188 1494 1251 1556 quo
1300 1473 1305 1484 '

210 1583 316 1642 cetera
337 1577 528 1662 pendebant,
552 1577 694 1644 intuente
717 1578 851 1643 fortuna.

669 1768 734 1824 Car.
754 1770 789 1823 II.

174 1891 192 1963 7
316 1890 386 1954 Iam
418 1895 485 1954 tota
518 1887 621 1973 Syria,
645 1889 709 1954 iam
743 1889 904 1956 Phoenice
942 1911 1077 1975 quoque,
1117 1899 1283 1977 exceptal

208 1993 304 2077 Tyro,
332 1993 541 2060 Macedonum
571 2001 647 2075 erat,
679 1993 880 2078 habebatque
910 2017 968 2060 rex
998 2003 1102 2062 castra
1124 1997 1156 2060 in
1180 2017 1251 2061 con-

208 2097 329 2179 tinenti,
359 2120 380 2163 a
402 2119 465 2181 qua
486 2098 598 2164 urbem
620 2106 791 2181 angustum
822 2099 938 2165 fretum
961 2100 1087 2166 dirimit.
1135 2102 1247 2184 Tyros,
1268 2109 1284 2156 2

208 2209 241 2268 et
270 2202 490 2285 magnitudine
524 2210 556 2268 et
590 2202 733 2274 claritate
762 2211 836 2270 ante
870 2224 979 2270 omnes
1010 2206 1105 2271 urbes
1137 2205 1250 2289 Syriae

208 2306 448 2390 Phoenicesque
471 2307 693 2389 memorabilis,
717 2306 843 2373 facilius
866 2308 1050 2374 societatem
1072 2308 1250 2374 Alexandri

207 2418 378 2496 acceptura
409 2410 578 2476 videbatur
612 2433 708 2494 quam
741 2412 916 2496 imperium.
964 2413 1120 2478 Coronam
1153 2413 1250 2496 igitur

206 2533 335 2579 auream
368 2513 485 2580 donum
518 2515 618 2598 legati
654 2516 831 2581 afferebant
868 2523 1125 2600 commeatusque
1159 2517 1249 2601 large

208 2625 239 2682 et
261 2617 462 2703 hospitaliter
491 2640 532 2684 cx
562 2619 679 2704 oppido
710 2620 913 2686 advexerant.
960 2621 1019 2686 Ι110
1041 2622 1124 2686 dona
1149 2629 1184 2686 ut
1206 2623 1247 2687 ab

129 2763 132 2768 -
206 2721 317 2786 amicis
348 2721 451 2807 accipi
481 2723 573 2788 iussit
602 2723 804 2807 benigneque
835 2723 960 2806 legatos
989 2725 1145 2791 allocutus
1169 2725 1248 2792 Her·

207 2825 279 2906 culi,
304 2847 398 2910 quem
421 2827 592 2912 praecipue
614 2827 704 2911 Tyrii
727 2828 875 2910 colerent,
907 2829 1084 2895 sacrificare
1107 2831 1189 2896 velle
1213 2851 1248 2897 00

206 2929 301 2994 dixit:
341 2929 552 2996 Macedonum
586 2952 680 3014 reges
715 2932 854 3014 credere,
893 2936 935 3000 ab
972 2933 1027 2999 illo
1065 2932 1125 3000 deo
1160 2935 1281 3020 ipsos3

205 3053 306 3117 genus
340 3033 464 3115 ducere,
501 3055 536 3100 se
569 3056 654 3117 vero,
690 3043 724 3100 ut
758 3035 792 3100 id
825 3035 953 3118 faceret,
990 3037 1085 3103 etiam
1119 3040 1245 3104 oraculo

205 3137 366 3202 monitum.
419 3139 532 3222 Legati
565 3139 767 3225 respondent,
804 3161 877 3208 esse
910 3135 1064 3226 templum
1097 3143 1280 3208 Herculisl

205 3249 295 3308 extra
317 3242 427 3308 urbem
450 3243 481 3307 in
505 3265 544 3308 ea
573 3244 659 3326 sede,
693 3266 787 3328 quam
809 3245 1000 3330 Palaetyron
1031 3247 1092 3330 ipsi
1115 3255 1246 3314 vocent:

204 3345 250 3410 ibi
271 3367 382 3429 regem
404 3344 465 3412 deo
488 3365 613 3412 sacrum
642 3349 702 3414 rite
725 3350 890 3415 facturum.
937 3350 1011 3416 Non
1033 3351 1134 3416 tenuit
1156 3351 1245 3430 iram,
1264 3365 1280 3415 5

205 3450 294 3515 cuius
327 3451 445 3534 alioqui
479 3460 591 3536 potens
621 3473 685 3517 non
715 3461 799 3519 erat:
834 3455 951 3538 itaque,
979 3456 1058 3520 ‘Vos
1090 3455 1243 3538 quidem,

204 3555 314 3637 inquit,
341 3553 471 3621 ‘fiducia
499 3557 570 3637 loci,
603 3548 688 3640 quod
719 3558 854 3624 insulam
884 3559 1028 3641 incolitis,
1064 3559 1244 3644 pedestrem

204 3659 288 3722 hunc
311 3659 483 3724 exercitum
514 3662 679 3745 spernitis:
701 3658 757 3728 sed
787 3664 875 3729 brevi
907 3664 1082 3747 ostendam,
1115 3666 1148 3730 in
1175 3687 1246 3731 con·

203 3761 316 3828 tineuti
331 3782 389 3829 vos
404 3783 485 3829 esse.
521 3764 657 3830 Proinde
680 3767 788 3832 sciatis
811 3767 894 3849 licet,
920 3776 974 3833 aut
990 3769 1177 3834 intraturum
1193 3791 1244 3835 me

204 3868 315 3937 urbem
343 3876 398 3932 aut
430 3874 726 3954 oppugnaturum?
755 3870 835 3938 (lum
859 3873 919 3939 hoc
941 3893 1094 3958 responso
1124 3874 1281 3940 dimissis
