2976 4322
369 193 626 248 HISTORIARUM
643 192 859 245 ALEXANDRI
878 191 942 242 VIII
961 192 984 241 4.
1141 190 1205 252 215

166 418 225 480 quo
260 405 345 464 esset
379 407 542 485 exceptus,
575 399 715 482 agnovit.
761 398 905 462 Tandem
934 403 1064 482 recepto
1097 397 1202 462 calore
1225 406 1256 455 17

166 501 263 583 vitali,
294 510 328 568 ut
350 504 474 586 regiam
498 504 607 569 sedem
629 524 801 586 regemque
825 502 913 580 vidit,
941 501 1068 567 territus
1093 500 1202 583 surgit.

167 605 266 682 Quem
289 607 415 674 intuens
439 608 630 689 Alexander,
658 607 796 689 ‘Ecquid
818 605 987 688 intellegis
1011 605 1130 683 miles',
1161 605 1205 667 in-

167 711 240 792 quit,
255 713 385 793 ‘quanto
402 713 533 777 meliore
550 707 636 777 so'rte
653 732 746 795 quam
762 712 880 776 Persae
897 710 955 776 sub
970 731 1047 793 rege
1062 707 1205 774 vivatis?

166 815 231 880 Illis
255 815 339 880 enim
368 817 401 880 in
431 817 510 881 sella
540 816 625 898 regis
657 815 843 881 consedisse
875 810 994 899 capital
1023 813 1115 894 foret,
1146 812 1205 878 tibi

167 919 258 983 saluti
280 918 360 985 fuit.³
405 921 538 985 Postero
562 920 613 984 die
638 919 821 985 convocatis
845 919 956 984 amicis
980 917 1205 1003 copiarumque
1226 925 1257 975 18

167 1023 298 1089 ducibus
328 1021 526 1109 pronuntiari
556 1025 647 1089 iussit
680 1025 785 1110 ipsum
820 1024 933 1104 omnia,
975 1043 1056 1104 quae
1086 1022 1206 1086 amissa

167 1134 281 1210 essent,
315 1128 521 1194 redditurum.
576 1128 617 1192 Et
651 1129 807 1213 promisso
841 1128 921 1193 fides
956 1127 1069 1192 extitit.
1123 1127 1206 1190 Nam
1226 1134 1257 1184 19

167 1233 360 1298 Sisimithres
382 1233 482 1298 multa
501 1233 640 1298 iumenta
655 1240 687 1298 et
703 1235 895 1298 camelorum
920 1243 948 1295 ΙΙ
970 1232 1057 1296 milia
1072 1229 1206 1296 adduxit

166 1357 346 1420 pecoraque
369 1343 401 1403 et
423 1344 584 1402 armenta:
616 1359 698 1420 quae
729 1337 897 1402 distributa
927 1337 1045 1421 pariter
1074 1336 1206 1400 militem

167 1448 197 1506 et
213 1440 328 1508 damno
345 1449 376 1508 et
391 1443 475 1507 fame
491 1442 716 1508 liberaverunt.
753 1443 830 1522 Rex,
848 1441 984 1524 gratiam
1000 1441 1060 1506 sibi
1075 1441 1207 1504 relatam
1225 1445 1259 1495 20

166 1545 387 1612 aSisimithre
410 1547 585 1632 praefatus,
617 1567 675 1612 sex
706 1546 829 1610 dierum
860 1552 952 1610 cocta
981 1545 1101 1609 cibaria
1123 1543 1206 1608 ferre

166 1649 281 1716 milites
304 1651 405 1732 iussit,
431 1651 530 1717 Sacas
553 1658 675 1735 petens.
721 1651 836 1715 Totam
859 1649 942 1713 hanc
968 1649 1132 1730 regionem
1155 1647 1208 1712 de·

167 1755 338 1840 populatus
371 1766 446 1818 XXX
472 1755 560 1819 milia
604 1775 756 1840 pecorum
793 1775 832 1818 ex
877 1753 998 1838 praeda
1036 1751 1207 1817 Sisimithri

167 1857 251 1924 dono
275 1859 339 1924 dat.

114 1959 153 2030 16
273 1963 353 2030 Inde
375 1964 520 2049 pervenit
541 1965 575 2028 in
596 1964 768 2046 regionem,
797 1963 848 2026 cui
871 1959 1039 2045 Oxyartes,
1062 1967 1206 2042 satrapes
1225 1965 1257 2013 21

166 2067 291 2147 nobilis,
326 2075 489 2154 praeerat:
525 2067 579 2150 qui
610 2089 644 2132 se
674 2067 760 2150 regis
785 2067 934 2152 potestati
968 2065 1106 2147 fideique
1140 2085 1208 2148 per-

166 2171 260 2236 misit.
307 2173 366 2237 Ille
388 2173 522 2258 imperio
553 2173 582 2237 ei
613 2172 738 2236 reddito
770 2171 857 2236 haud
886 2170 1022 2254 amplius
1054 2189 1150 2250 quam
1173 2175 1208 2232 ut

167 2275 231 2341 duo
255 2297 295 2340 ex
317 2277 418 2342 tribus
436 2276 509 2342 filiis
541 2297 649 2342 secum
678 2277 850 2340 militarent
880 2275 998 2357 exegit.
1045 2274 1205 2356 Satrapes,
1226 2275 1260 2324 22

168 2382 264 2446 etiam
287 2403 335 2462 co,
368 2381 420 2463 qui
447 2402 546 2466 penes
575 2381 681 2465 ipsum
711 2379 957 2462 relinquebatur,
988 2377 1115 2457 tradito,
1138 2376 1208 2441 bar-

167 2487 246 2552 bara
280 2486 442 2570 opulentia
477 2485 668 2565 convivium,
706 2504 769 2566 quo
803 2504 913 2566 regem
942 2482 1128 2566 accipiebat,
1163 2481 1208 2544 in-

168 2596 336 2654 struxerat.
382 2589 422 2653 Id
445 2609 518 2653 cum
548 2589 649 2652 multa
679 2588 828 2653 comitate
860 2585 1083 2665 celebraretur,
1114 2584 1209 2648 intro·
1227 2586 1259 2635 23

169 2693 243 2758 duci
271 2703 349 2756 XXX
370 2693 495 2758 nobiles
518 2692 659 2774 virgines
682 2692 784 2757 iussit.
830 2692 918 2756 Inter
945 2710 1024 2772 quas
1055 2696 1123 2753 erat
1144 2688 1209 2752 tilia

166 2798 278 2881 ipsius,
302 2796 434 2862 Roxane
457 2797 593 2876 nomine,
619 2796 736 2860 eximia
752 2795 893 2879 corporis
909 2795 1016 2878 specie
1040 2800 1071 2857 et
1094 2793 1208 2856 decore

167 2901 296 2966 habitus
318 2901 352 2965 in
374 2899 518 2966 barbaris
541 2921 622 2964 raro.
671 2900 761 2976 Quae
786 2919 977 2980 quamquam
991 2897 1074 2960 inter
1090 2897 1208 2960 electas
1227 2897 1261 2946 24

168 3012 376 3089 processerat,
394 3005 534 3070 omnium
548 3012 656 3068 tamen
672 3003 781 3068 oculos
794 3002 950 3067 convertit
964 3001 997 3064 in
1013 3021 1056 3084 se,
1071 2999 1208 3063 maxime

167 3109 264 3192 regis,
301 3110 405 3174 minus
431 3109 496 3172 iam
533 3107 762 3192 cupiditatibus
801 3106 867 3171 suis
904 3104 1089 3190 imperantis
1127 3103 1210 3166 inter

168 3213 323 3295 obsequia
344 3211 500 3293 fortunae,
533 3219 643 3276 contra
666 3231 761 3294 quam
790 3231 855 3274 non
878 3209 956 3274 satis
980 3215 1076 3273 cauta
1097 3214 1210 3271 morta-

167 3318 242 3383 litas
265 3324 322 3382 est.
369 3317 482 3399 Itaque
504 3317 568 3396 ille,
594 3316 648 3398 qui
670 3335 804 3380 uxorem
826 3313 936 3392 Darei,
960 3313 1014 3394 qui
1030 3311 1111 3376 duas
1126 3310 1207 3375 filias
1228 3311 1261 3360 25

168 3422 318 3505 virgines,
345 3421 459 3503 quibus
482 3420 585 3486 torma
607 3427 734 3504 praeter
746 3419 899 3483 Roxanen
922 3415 1099 3500 comparari
1122 3414 1210 3478 nulla

167 3532 325 3610 potuerat,
360 3525 447 3590 haud
478 3525 540 3590 alio
571 3525 677 3589 animo
709 3544 806 3605 quam
846 3522 987 3605 parentis
1029 3526 1207 3604 aspexerat,

168 3637 245 3694 tunc
267 3629 301 3694 in
323 3651 464 3695 amorem
493 3629 711 3711 virgunculae,
744 3628 769 3692 si
793 3626 902 3708 regiae
933 3625 1023 3708 stirpi
1050 3643 1210 3708 compara-

168 3740 264 3814 retur,
281 3733 432 3816 ignobilis
447 3733 494 3798 ita
516 3733 637 3797 effusus
661 3738 718 3815 est,
740 3738 775 3794 ut
791 3729 911 3794 diceret
926 3728 968 3792 ad
985 3727 1210 3793 stabiliendum

169 3857 304 3919 regnum
327 3836 484 3921 pertinere
516 3837 631 3900 Persas
666 3842 697 3900 et
720 3831 913 3898 Macedones
944 3830 1080 3896 conubio
1103 3829 1208 3910 iungi:
