2976 4322
284 197 346 263 208
673 199 703 264 Q.
724 198 832 252 GURTI
850 198 938 254 RUFI

282 423 458 470 samonem
480 409 593 488 postea
614 423 779 470 ausurum:
809 403 980 469 vivendum
1003 422 1073 468 esse
1095 403 1128 466 in
1151 401 1320 468 solitudine

247 509 368 573 ovelut
405 506 493 572 ferae
530 507 662 589 bestiae,
690 507 819 573 terrenti
856 507 935 572 alias
973 506 1166 590 timentique.
1212 507 1321 572 Prima

281 610 396 677 deinde
419 612 489 678 luce
519 611 724 677 tabernaculo
755 632 877 697 corpus,
909 612 990 678 sicut
1019 611 1124 677 adhuc
1155 618 1320 676 cruentum

281 723 357 798 erat,
395 715 487 781 iussit
524 716 643 782 inferri.
691 717 760 793 Quo
798 717 902 801 posito
936 723 1010 782 ante
1043 717 1155 801 ipsum,
1180 716 1319 781 lacrimis

280 819 409 902 obortis,
440 821 572 902 ‘Hanc',
606 820 716 904 inquit,
748 821 874 886 ‘nutrici
908 843 999 887 meae
1032 821 1168 904 gratiam
1201 821 1317 902 rettuli,

280 924 368 989 cuius
391 924 454 989 duo
476 923 532 989 filii
554 925 640 1009 apud
663 925 805 990 Miletum
835 947 893 1010 pro
923 946 995 991 mea
1016 925 1118 1008 gloria
1141 927 1318 991 occubuere

278 1034 419 1109 mortem,
444 1028 496 1092 hic
519 1027 625 1109 frater,
649 1028 777 1093 unicum
792 1028 935 1094 orbitatis
950 1029 1111 1110 solacium,
1135 1049 1220 1094 ame
1235 1029 1318 1094 inter

244 1142 260 1193 9
279 1133 389 1216 epulas
412 1131 535 1197 occisus
551 1139 608 1197 est.
645 1133 714 1210 Quo
730 1153 814 1198 nunc
829 1153 864 1198 se
880 1133 1023 1199 conferet
1037 1133 1177 1198 misera?
1212 1132 1317 1198 Omni-

278 1236 337 1301 bus
360 1236 427 1302 eius
449 1257 529 1301 unus
545 1256 718 1321 supersum,
742 1258 836 1319 quem
850 1239 952 1303 solum
967 1237 1077 1320 aequis
1093 1236 1192 1302 oculis
1207 1237 1315 1303 videre

277 1360 341 1405 non
363 1341 487 1425 poterit.
524 1341 564 1405 Et
587 1362 658 1424 ego,
681 1349 877 1407 servatorum
898 1363 1040 1408 meorum
1061 1343 1151 1423 latro,
1174 1350 1316 1408 revertar

277 1443 310 1508 in
332 1445 475 1531 patriam,
500 1451 534 1510 ut
556 1467 596 1510 ne
620 1445 784 1512 dexteram
806 1446 933 1529 quidem
951 1446 1065 1511 nutrici
1080 1445 1148 1511 sine
1163 1446 1316 1512 memoria

226 1559 259 1608 10
277 1549 466 1614 calamitatis
496 1549 563 1614 eius
587 1548 700 1616 offerre
729 1550 881 1634 possiml'
927 1551 967 1615 Et
990 1571 1061 1616 cum
1083 1549 1153 1616 finis
1177 1550 1314 1616 lacrimis

277 1653 487 1735 querellisque
510 1674 574 1717 non
596 1653 693 1735 ficret,
724 1654 812 1720 iussu
841 1654 1013 1720 amicorum
1036 1674 1150 1738 corpus
1173 1655 1314 1720 ablatum

226 1767 256 1816 11
277 1763 333 1821 est.
379 1757 448 1822 Rex
478 1757 616 1822 triduum
648 1757 745 1822 iacuit
775 1758 923 1824 inclusus.
971 1758 1073 1835 Quem
1100 1765 1135 1822 ut
1165 1758 1313 1841 armigeri

277 1861 479 1944 corporisque
514 1861 662 1926 custodes
700 1861 742 1926 ad
778 1861 975 1927 moriendum
1013 1861 1205 1927 obstinatum
1243 1882 1313 1927 esse

276 1971 500 2047 cognoverunt,
524 1965 662 2030 universi
684 1965 717 2030 in
739 1966 977 2030 tabernaculum
999 1965 1174 2050 irrumpunt
1197 1965 1312 2048 diuque

275 2068 422 2153 precibus
452 2069 592 2154 ipsorum
620 2071 808 2136 reluctatum
838 2091 934 2153 aegre
960 2070 1111 2151 vicerunt,
1143 2077 1178 2135 ut
1208 2070 1312 2136 cibum

225 2183 257 2232 12
276 2180 412 2259 caperet.
460 2175 592 2257 Quoque
614 2175 717 2241 minus
740 2174 848 2240 caedis
864 2174 1005 2260 puderet,
1029 2175 1096 2240 iure
1111 2174 1312 2240 intersectum

274 2277 389 2344 Clitum
412 2279 604 2345 Macedones
635 2279 818 2361 decernunt,
838 2281 1000 2364 sepultura
1029 2300 1153 2361 quoque
1175 2279 1313 2364 prohibi-

273 2382 343 2464 turi,
367 2383 400 2447 ni
421 2404 479 2448 rex
501 2384 625 2448 humari
647 2383 800 2449 iussisset.

222 2494 254 2544 13
376 2487 478 2569 Igitur
496 2499 521 2550 X
541 2487 652 2552 diebus
668 2487 805 2552 maxime
821 2486 864 2551 ad
879 2486 1140 2553 conformandum
1155 2482 1341 2571 pudorem?

164 2599 168 2618 ⁴
271 2591 358 2674 apud
387 2591 582 2657 Maracanda
611 2592 805 2677 consumptis
836 2612 907 2658 cum
937 2599 1028 2678 parte
1062 2591 1219 2657 exercitus
1249 2592 1312 2656 He-

271 2695 491 2779 phaestionem
513 2696 545 2760 in
571 2695 735 2779 regionem
758 2696 961 2762 Bactrianam
991 2695 1084 2777 misit,
1116 2701 1310 2761 commeatus

221 2807 255 2856 14
272 2798 305 2863 in
334 2799 471 2865 hiemem
501 2807 692 2884 paraturum.
740 2800 843 2877 Quam
877 2800 958 2866 clito
989 2807 1062 2864 ante
1097 2799 1311 2865 destinaverat

271 2903 475 2986 provinciam,
514 2903 675 2987 Amyntae
713 2904 810 2985 dedit,
863 2904 932 2990 ipse
969 2903 1120 2988 Xenippa
1156 2904 1309 2988 pervenit.

272 3006 424 3091 Scythiae
459 3007 591 3074 confinis
625 3015 673 3073 est
710 3009 799 3090 regio
837 3008 1059 3090 habitaturque
1097 3007 1238 3092 pluribus
1272 3028 1310 3072 ac

271 3109 488 3192 frequentibus
518 3111 606 3192 vicis,
642 3112 715 3194 quia
748 3111 876 3178 ubertas
909 3119 1012 3177 terrae
1045 3132 1109 3177 non
1142 3111 1310 3194 indigenas

220 3223 251 3272 15
270 3213 364 3279 modo
388 3215 516 3295 detinet,
541 3215 599 3280 sed
622 3216 717 3281 etiam
740 3215 881 3281 advenas
904 3215 1023 3280 invitat.
1070 3215 1310 3280 Bactrianorum

271 3319 406 3400 exulum,
445 3318 498 3401 qui
535 3320 576 3385 ab
614 3319 797 3386 Alexandro
836 3319 1028 3400 defecerant,
1074 3319 1310 3404 receptaculum

270 3420 382 3487 fuerat.
419 3422 484 3488 Sed
506 3430 675 3507 postquam
697 3444 806 3505 regern
836 3423 1010 3490 adventare
1033 3430 1228 3507 compertum
1250 3429 1308 3503 cst,

270 3526 353 3610 pulsi
376 3525 417 3590 ab
439 3526 551 3592 incolis
575 3563 616 3572 —
642 3537 668 3590 11
691 3527 778 3592 milia
800 3526 867 3592 fere
894 3534 926 3592 et
950 3537 975 3589 D
998 3564 1041 3572 -
1065 3532 1307 3610 congregantur.

221 3639 252 3688 16
272 3628 388 3694 Omnes
412 3630 533 3712 equites
557 3637 654 3711 erant,
687 3630 783 3695 etiam
804 3631 838 3695 in
867 3652 948 3716 pace
970 3630 1142 3696 latrociniis
1172 3629 1307 3696 assueti:

271 3740 337 3798 turn
360 3732 480 3799 ferocia
502 3733 631 3817 ingenia
653 3755 717 3800 non
739 3734 856 3800 bellurn
878 3735 982 3817 modu,
1008 3734 1066 3800 scd
1085 3733 1180 3800 etiam
1195 3733 1308 3800 veniae

272 3835 451 3920 desperatio
496 3836 692 3901 efferaverat.
753 3837 865 3920 Itaque
902 3857 943 3902 ex
987 3837 1158 3923 improviso
1204 3836 1307 3902 adorti
