3040 4318
275 208 337 272 110
631 213 634 220 ¹
662 209 692 276 o.
712 207 821 263 cunm
838 209 925 264 nnn
989 181 992 190 ’

273 422 331 482 est.
378 415 476 483 Adire
506 415 622 482 deinde
644 415 762 482 Bactra
793 416 989 498 decreverat,
1021 416 1080 482 sed
1110 416 1238 499 veritus,
1270 423 1310 484 n'e

272 519 435 586 celeritate
480 520 655 586 Alexandri
706 529 924 606 occuparetur,
978 521 1144 588 consilium
1188 521 1310 604 iterque

238 624 414 690 amutavit.
462 623 582 690 Aberat
604 626 645 691 ab
669 644 707 690 eo
730 623 915 692 Alexander
944 626 1048 692 stadia
1071 635 1134 707 MD,
1166 624 1225 691 sed
1247 625 1311 690 iam

272 727 393 794 nullum
437 727 638 794 intervallum
682 728 838 796 adversus
883 730 1085 797 velocitatem
1127 729 1195 795 eius
1233 729 1310 794 satis

271 831 402 914 longum
431 831 615 898 videbatur:
661 833 768 916 itaque
798 833 919 918 proelio
954 833 1065 918 magis
1088 852 1183 916 quam
1212 832 1310 916 fugae

237 946 306 1002 ase
339 938 563 1022 praeparabat.
616 947 691 1000 XXX
723 937 812 1002 milia
845 938 988 1022 peditum
1021 938 1243 1020 sequebantur,
1277 937 1310 1004 iu

271 1039 385 1122 quibus
409 1039 603 1106 Graecorum
627 1047 718 1108 erant
740 1051 793 1104 1111
815 1040 911 1123 milia,
943 1041 1005 1107 tide
1036 1061 1115 1124 erga
1136 1061 1246 1125 regem
1267 1040 1310 1105 ad

236 1142 417 1218 cultimum
441 1143 571 1210 invicta.
617 1144 827 1210 Funditorum
858 1165 983 1228 quoque
1014 1151 1045 1210 et
1075 1133 1310 1228 sagittariorum

271 1268 385 1316 manus
415 1257 469 1310 1111
499 1249 588 1313 milia
619 1248 819 1335 expleverat:
851 1257 978 1334 praeter
1006 1249 1065 1314 hos
1095 1259 1135 1312 111
1161 1247 1249 1312 milia
1279 1253 1310 1312 et

272 1362 338 1420 000
363 1351 485 1435 equites
509 1359 607 1434 erant,
631 1353 770 1419 maxime
793 1353 1044 1419 Bactrianorum.
1079 1352 1198 1418 Bessus
1221 1372 1310 1437 praa·

237 1466 253 1516 5
273 1463 349 1538 erat,
381 1457 571 1522 Bactrianae
594 1457 735 1540 regionis
758 1456 950 1542 praelectus.
996 1456 1075 1524 Oum
1098 1456 1159 1521 hoc
1181 1456 1309 1539 agmine

271 1559 403 1646 paulum
435 1559 609 1626 declinavit
638 1561 692 1626 via
721 1561 859 1643 militari,
890 1561 985 1627 iussis
1007 1559 1202 1646 praeoedere
1235 1560 1309 1626 lixis

236 1663 636 1748 oimpedimcntorumque
670 1665 865 1732 custodibus.
912 1665 1052 1731 Consilio
1075 1663 1191 1731 deinde
1214 1664 1309 1730 advo

269 1775 349 1849 cato,
378 1768 427 1838 ‘si
457 1788 530 1833 cum
559 1769 712 1854 ignavis’,
745 1769 856 1852 inquit,
887 1772 949 1836 ‘ma
979 1777 1010 1835 et
1040 1769 1140 1855 pluris
1171 1768 1309 1852 qualem-

269 1890 404 1954 cumque
441 1871 540 1938 vitam
577 1873 713 1939 honesta
749 1881 850 1939 morte
894 1873 1136 1940 aestimantibus
1181 1873 1309 1937 fortuna

268 1975 431 2057 iunxisset,
451 1982 589 2042 tacerem
603 1977 708 2062 potius
725 1997 820 2059 quam
836 1978 953 2044 furstra
964 1978 1063 2044 verba
1079 1996 1306 2043 consumerem.

234 2098 249 2150 7
270 2077 345 2161 Sed,
369 2079 487 2146 maiore
511 2101 605 2163 quam
629 2081 744 2148 vellem
756 2080 945 2148 documento
961 2079 992 2147 et
1006 2081 1154 2148 virtmem
1168 2087 1307 2146 vestram

269 2189 300 2249 et
323 2183 418 2250 fidem
442 2192 602 2270 expertus,
625 2185 729 2268 magis
760 2186 856 2251 etiam
879 2185 976 2252 coniti
999 2185 1111 2267 debeo,
1131 2191 1167 2250 ut
1189 2184 1304 2267 dignus

267 2289 386 2356 talibus
419 2289 531 2355 amicis
565 2289 634 2372 sim,
670 2310 766 2374 quam
799 2291 953 2372 dubitare,
987 2311 1028 2356 an
1057 2289 1156 2356 vestri
1185 2289 1304 2354 similes

233 2393 374 2460 sadhuc
398 2394 476 2460 sitis.
522 2395 573 2458 Ex
595 2401 642 2460 tot
664 2395 800 2476 milibus,
832 2415 914 2478 quae
941 2396 1000 2462 sub
1023 2395 1155 2480 imperio
1178 2394 1305 2460 fuerunt

266 2519 348 2580 mco,
383 2498 433 2565 bis
470 2520 521 2564 me
559 2499 686 2580 victum,
725 2499 775 2566 bis
813 2499 988 2582 fugientem
1025 2497 1184 2584 persecuti
1217 2497 1303 2564 estis.

267 2602 362 2668 Fides
385 2609 493 2669 vestra
515 2611 546 2668 et
570 2603 755 2684 constantia,
787 2610 822 2668 ut
851 2624 961 2687 regem
990 2625 1041 2668 me
1072 2623 1143 2670 esse
1166 2602 1303 2683 credam,

233 2722 249 2773 9
266 2705 355 2772 facit.
399 2707 583 2774 Proditores
607 2714 639 2773 et
660 2707 848 2790 transfugae
863 2708 896 2772 in
911 2708 1042 2774 urbibus
1057 2707 1137 2773 meis
1152 2713 1304 2791 regnant:

265 2831 338 2896 non,
360 2811 500 2893 hercule,
525 2811 601 2894 quia
623 2818 711 2878 tanto
734 2811 855 2878 honore
879 2811 970 2895 digni
993 2811 1159 2892 habentur,
1191 2811 1249 2877 sed
1270 2816 1305 2876 ut

265 2916 415 3001 praemiis
447 2935 557 2982 eorum
587 2916 685 2981 vestri
719 2916 929 2984 sollicitentur
958 2916 1063 2982 animi.
1110 2915 1215 2982 Meam
1244 2915 1306 2980 for·

264 3026 374 3084 tunam
396 3026 504 3085 tamen
528 3040 624 3102 quam
646 3019 774 3086 victoris
803 3019 959 3085 maluistis
983 3019 1081 3102 sequi,
1114 3017 1310 3102 dignissimi,

265 3123 389 3206 quibus,
414 3123 442 3188 si
464 3143 526 3205 ego
549 3143 613 3188 non
634 3123 762 3208 possim,
788 3123 821 3188 di
843 3144 900 3209 pro
922 3145 974 3189 me
997 3123 1133 3206 gratiam
1155 3120 1303 3188 referant.

215 3244 247 3294 10
265 3228 317 3309 Et,
338 3227 532 3309 mehercule,
556 3228 705 3293 referent.
743 3228 842 3292 Nulla
858 3228 917 3294 erit
932 3235 998 3294 tam
1013 3226 1111 3294 surda
1125 3226 1302 3312 posteritas,

263 3331 352 3398 nulla
374 3339 440 3397 tam
462 3333 590 3415 ingrata
612 3331 706 3414 fama,
732 3353 813 3415 quae
836 3351 899 3397 non
921 3332 953 3396 in
969 3333 1093 3398 caelum
1108 3349 1165 3396 vos
1188 3330 1303 3396 debitis

263 3436 411 3502 laudibus
434 3436 525 3502 ferat.
571 3436 683 3518 ltaque
706 3436 831 3502 etiamsi
861 3436 1028 3502 consilium
1057 3435 1165 3518 fugae,
1197 3429 1356 3517 aqua25

262 3540 397 3606 multum
419 3540 572 3605 abhorret
601 3539 735 3621 animus,
767 3540 950 3623 agitassem,
982 3546 1089 3605 vestra
1114 3546 1221 3606 tamen
1244 3537 1304 3604 vir·

214 3652 331 3710 utute
370 3644 470 3711 fretus
509 3644 636 3711 obviam
669 3644 766 3709 issem
799 3644 893 3710 hosti.
940 3644 1113 3726 Quousque
1151 3643 1234 3708 enim
1271 3641 1304 3706 in

264 3767 364 3831 regno
389 3748 533 3815 exulabo
548 3754 580 3813 et
602 3768 660 3832 per
682 3747 761 3813 fines
784 3747 908 3833 imperii
923 3748 986 3813 mei
1001 3747 1123 3831 fugiam
1139 3753 1303 3824 externum

263 3858 294 3917 et
317 3851 474 3918 advenam
497 3873 615 3936 regem,
648 3871 720 3916 cum
750 3851 846 3917 liceat
876 3859 1009 3936 experto
1039 3849 1115 3916 belli
1145 3849 1303 3915 fortunam
