3028 4322
292 280 334 346 36
678 285 710 350 Q.
730 283 838 338 CURTI
857 283 943 338 RUFI

292 487 425 570 potiora.
484 488 587 571 Igitur
624 488 833 570 conclamant,
880 489 1019 570 duceret,
1059 509 1121 572 quo
1157 488 1328 555 videretur.

292 591 397 674 Atque
420 591 484 673 ille,
497 591 649 658 utendum
672 593 796 675 animis,
822 593 897 658 dum
921 613 978 679 spe
995 594 1143 675 calerent,
1166 600 1265 673 ratus,
1288 593 1329 659 ad

292 695 411 761 Pelusii
449 696 563 761 ostium
600 703 755 789 penetrat,
795 697 946 763 simulans
984 719 1004 762 a
1040 699 1147 763 Dareo
1185 718 1220 763 se
1257 717 1330 764 csse

240 815 274 866 30
291 807 470 884 praetorem
486 801 627 870 missum.
661 801 787 867 Potitus
803 822 879 885 ergo
894 801 1013 866 Pelusii
1029 801 1204 886 Memphim
1220 801 1329 886 copias

290 904 464 988 promovit:
502 904 544 969 ad
581 905 671 970 ouius
709 906 826 971 famam
861 905 1023 990 Aegyptii,
1062 926 1147 970 vana
1184 925 1264 989 gens
1297 913 1329 970 et

290 1007 447 1074 novandis
472 1029 567 1091 quam
597 1010 746 1092 gerendis
776 1010 880 1095 aptior
910 1011 1013 1092 rebus,
1045 1030 1086 1074 ex
1116 1009 1182 1075 suis
1212 1009 1329 1093 quique

290 1112 370 1179 vicis
404 1113 600 1196 urbibusque
636 1112 708 1194 [huc
741 1111 857 1201 ipsum]
894 1119 1083 1184 concurrunt
1115 1112 1158 1179 ad
1191 1113 1329 1179 delenda

289 1217 450 1301 praesidia
472 1217 651 1283 Persarum.
697 1219 760 1296 oui
782 1219 892 1300 territi,
919 1226 1025 1284 tamen
1049 1239 1140 1304 spem
1170 1218 1328 1284 retinendi

237 1342 268 1391 31
289 1321 474 1406 Aegyptum
508 1343 570 1389 non
605 1323 794 1389 omiserumt:
834 1324 891 1389 sed
926 1343 980 1389 eos
1013 1323 1171 1407 Amyntas
1208 1323 1327 1407 proelio

289 1433 454 1511 superatos
476 1427 509 1491 in
532 1428 643 1494 urbem
660 1428 829 1513 compellit,
854 1427 1031 1512 castrisque
1054 1427 1167 1512 positis
1189 1428 1327 1492 victores

289 1531 332 1596 ad
354 1531 554 1617 populandos
577 1553 673 1615 agros
696 1530 901 1599 dheorraat:
925 1532 1067 1598 velutin
1090 1531 1195 1597 medio
1214 1531 1327 1616 positis

236 1657 269 1707 32
288 1635 415 1720 praedis
453 1636 591 1702 hostium
629 1645 743 1703 cuncta
780 1639 966 1721 agebantur.
1022 1637 1136 1719 Itaque
1170 1637 1325 1719 Mazaces,

288 1757 478 1824 quamquam
500 1741 623 1808 infelici
650 1743 771 1827 proelio
802 1763 929 1808 suorum
958 1742 1080 1806 animos
1102 1741 1229 1807 territos
1253 1759 1326 1807 esse

287 1853 487 1929 cognoverat,
512 1854 629 1928 tamen,
653 1848 799 1932 palantes
823 1854 853 1913 et
876 1847 1029 1912 victoriae
1048 1845 1164 1911 fiducia
1179 1845 1325 1910 incautos

286 1957 459 2031 ostentans,
489 1950 636 2035 perpulit,
668 1972 709 2016 ne
733 1951 914 2017 dubitarent
938 1973 978 2017 ex
1001 1952 1079 2016 urbe
1102 1969 1268 2032 erumpere
1293 1956 1325 2014 et

235 2074 269 2125 33
289 2075 340 2120 res
363 2055 497 2121 amissas
520 2056 710 2141 reciperare.
756 2056 796 2121 Id
819 2057 985 2122 consilium
1015 2077 1078 2121 non
1107 2055 1230 2120 ratione
1253 2075 1325 2139 pru-

286 2160 412 2225 dentius
435 2181 530 2243 quam
553 2168 671 2226 eventu
693 2161 818 2227 felicius
842 2160 918 2226 tuit:
941 2159 983 2226 ad
1005 2181 1102 2226 unum
1125 2179 1236 2224 omnes
1252 2179 1323 2224 cum

285 2264 355 2348 ipso
387 2264 468 2330 duce
499 2265 596 2330 occisi
627 2273 710 2334 sunt.
755 2266 824 2330 Has
857 2285 978 2350 poenas
1008 2263 1165 2348 Amyntas
1198 2263 1323 2346 utrique

284 2369 354 2452 regi
377 2368 473 2450 dedit,
497 2369 596 2434 nihilo
619 2369 722 2454 magis
746 2370 784 2452 ei,
807 2369 850 2435 ad
873 2391 966 2454 quem
992 2369 1215 2453 transfugerat,
1240 2367 1321 2433 fidus

285 2494 380 2556 quam
403 2473 458 2556 illi,
483 2495 577 2558 quem
600 2473 795 2540 deseruerat.
1212 2535 1217 2541 .

234 2594 267 2645 34
390 2578 488 2644 Darei
521 2585 693 2663 praetores,
729 2579 783 2662 qui
816 2579 938 2664 proelio
971 2577 1057 2663 apud
1090 2578 1182 2644 Isson
1216 2576 1359 2661 super-6

284 2681 417 2765 fuerant,
453 2704 524 2748 cum
554 2684 638 2748 omni
667 2704 770 2764 manu,
807 2704 888 2766 quae
918 2681 1077 2766 fugientes
1107 2688 1215 2747 secuta
1244 2687 1319 2762 erat,

283 2794 444 2872 assumpta
482 2787 577 2852 etiam
610 2786 837 2872 Cappadocum
871 2794 903 2852 et
935 2786 1179 2872 Paphlagonum
1214 2785 1321 2851 iuven·

231 2907 264 2958 35
282 2898 349 2956 tute
372 2891 508 2974 Lydiam
530 2891 708 2977 reciperare
730 2892 938 2977 temptabant.
983 2889 1170 2973 Antigonus,
1194 2895 1321 2974 praetor

282 2994 465 3076 Alexandri,
497 2995 619 3080 Lydiae
649 3003 812 3080 praeerat:
847 2994 901 3078 qui
931 3015 1122 3078 quamquam
1150 2993 1320 3078 plerosque

281 3099 415 3164 militum
439 3119 480 3164 ex
510 3099 677 3184 praesidiis
706 3099 749 3164 ad
778 3120 887 3183 regem
918 3097 1088 3182 dimiserat,
1116 3105 1222 3163 tamen
1252 3097 1319 3162 bar-

281 3204 367 3268 baris
397 3205 513 3289 spretis
542 3204 574 3268 in
603 3203 705 3269 aciem
736 3223 811 3269 suos
840 3203 957 3269 eduxit.
1003 3202 1124 3268 Eadem
1153 3201 1218 3267 illic
1245 3221 1320 3284 quo·

282 3329 343 3390 que
366 3308 492 3373 fortuna
513 3308 649 3392 partium
672 3308 749 3377 fuit:
781 3308 880 3373 tribus
902 3306 1032 3393 proeliis
1054 3306 1118 3371 alia
1139 3312 1234 3388 atque
1256 3305 1320 3370 alia

230 3427 263 3478 33
281 3413 409 3495 regione
444 3413 619 3478 commissis
649 3414 766 3477 Persae
795 3410 977 3478 funduntur.
1020 3409 1144 3475 Eodem
1176 3417 1318 3494 tempore

281 3517 392 3582 elassis
415 3517 623 3582 Macedonum
647 3537 687 3582 ex
712 3515 846 3582 Graecia
876 3516 979 3581 accita
1001 3515 1231 3596 Aristomenen,
1264 3513 1318 3596 qui

279 3621 320 3685 ad
343 3621 544 3706 Hellesponti
567 3641 655 3685 oram
677 3620 916 3705 reciperandam
938 3620 1080 3685 aDareo
1104 3625 1171 3683 erat
1193 3617 1316 3698 missua,

229 3741 261 3791 37
281 3726 382 3810 captis
419 3725 487 3791 eius
524 3733 579 3790 aut
617 3725 736 3791 eversis
769 3725 904 3791 navibus
941 3730 1079 3809 superat.
1123 3723 1152 3786 A
1185 3721 1317 3786 Milesiis

280 3831 395 3896 deinde
411 3830 644 3910 Pharnabazus,
668 3829 850 3915 praefectus
869 3829 1015 3895 Persicae
1038 3827 1158 3907 classis,
1182 3825 1317 3911 pecunia

280 3943 392 4000 exacta
414 3941 445 4000 et
468 3933 627 4018 praesidio
657 3933 689 3996 in
719 3934 829 3998 urbem
853 3933 966 3998 Chium
988 3931 1167 3996 introducto
1191 3935 1316 3995 centum
