3028 4322
670 293 701 359 o.
722 291 830 346 onan
850 291 934 346 anm
968 253 979 268 ’

386 502 422 566 In
445 501 627 566 Phoenicen
653 501 729 564 dein
758 497 924 564 descendit
955 504 986 563 et
1016 497 1170 582 oppidum
1192 497 1357 584 Byblon3

281 604 432 670 traditum
461 604 591 688 recepit.
637 602 716 668 Inde
746 602 788 668 ad
819 601 940 668 Sidona
968 609 1098 667 ventum
1121 609 1177 684 est,
1209 603 1320 668 urbem

231 721 263 770 16
282 714 439 775 vetustate
473 709 621 791 famaque
655 706 854 772 conditorum
887 707 1036 771 inclitam.
1085 707 1253 790 Regnabat
1286 707 1320 770 in

281 834 320 878 ea
349 813 465 894 Strato,
489 812 587 877 Darei
617 812 730 896 opibus
753 811 888 876 adiutus.
910 843 924 875 a
944 843 993 876 a*
1038 809 1104 876 Sed
1135 811 1210 893 quia
1232 810 1319 876 dedi·

279 918 398 983 tionem
431 917 533 1000 magis
571 917 770 1002 popularium
808 937 902 998 quam
940 936 998 980 sua
1036 922 1150 998 sponte
1188 915 1317 996 fecerat,

279 1042 379 1105 regno
401 1021 488 1087 visus
522 1020 682 1104 indignus,
714 1020 1008 1105 Hephaestionique
1038 1019 1237 1104 permissum,
1272 1027 1316 1101 ut,

280 1147 374 1208 quem
407 1146 445 1191 eo
479 1125 607 1208 fastigio
638 1149 652 1188 c
683 1123 823 1189 Sidoniis
854 1123 1074 1206 dignissimum
1103 1125 1317 1205 arbitraretur,

229 1243 261 1292 17
281 1230 486 1295 constitueret
514 1250 633 1313 regem.
681 1230 780 1294 Erant
811 1226 1042 1313 Hephaestioni
1073 1229 1136 1292 duo
1166 1229 1318 1313 hospites,

232 1357 234 1360 ·
280 1334 357 1398 clari
378 1333 461 1399 inter
483 1354 557 1398 suos
580 1334 728 1399 iuvenes:
760 1333 824 1415 qui,
856 1333 940 1397 faeta
962 1332 1040 1417 ipsis
1063 1339 1220 1416 potestate
1249 1353 1318 1414 reg-

279 1436 385 1518 nandi,
420 1445 629 1520 negaverunt,
662 1457 853 1520 quemquam
882 1436 986 1520 patrio
1009 1456 1096 1500 more
1119 1436 1153 1500 in
1175 1435 1209 1500 id
1231 1435 1317 1502 iasti-

229 1553 261 1604 18
279 1541 366 1624 gium
400 1541 508 1626 recipi,
543 1541 605 1606 nisi
636 1541 726 1624 regia
756 1541 853 1624 stirpe
884 1547 997 1606 ortum.
1044 1539 1226 1605 Admiratus
1257 1541 1318 1605 He-

278 1645 447 1730 phaestion
469 1645 720 1729 magnitudinem
742 1645 840 1709 animi
863 1645 1053 1730 spernentis
1077 1645 1162 1727 quod
1185 1645 1240 1709 alii
1261 1666 1318 1729 per

278 1749 370 1831 ignes
393 1748 573 1832 ferrumque
605 1756 757 1833 peterent,
785 1750 865 1814 ‘Vos
896 1748 1024 1831 quidem
1047 1756 1151 1814 macte
1175 1749 1315 1830 virtute’,

278 1853 387 1936 inquit,
407 1856 530 1935 ‘estote
556 1853 609 1937 qui
621 1854 714 1938 primi
736 1853 946 1935 intellexistis,
971 1861 1087 1936 quanto
1103 1853 1205 1918 maius
1222 1861 1316 1934 esset,

277 1977 411 2039 regnum
434 1955 576 2022 fastidire
600 1977 695 2039 quam
718 1957 872 2041 accipere.
912 1957 1059 2023 Ceterum
1082 1957 1156 2022 date
1178 1957 1316 2039 aliquem

277 2060 388 2142 regiae
411 2059 527 2144 stirpis,
560 2061 613 2142 qui
640 2061 827 2142 meminerit,
851 2061 984 2127 anobis
1007 2069 1174 2147 acceptum
1197 2061 1316 2126 habere

227 2179 260 2230 19
279 2184 314 2230 se
344 2168 497 2248 regnum.³
545 2165 650 2247 Atque
680 2166 735 2250 illi,
767 2186 837 2230 eum
868 2165 984 2230 multos
1015 2166 1180 2231 imminere
1210 2171 1316 2231 tantae

277 2269 347 2352 spei
370 2275 543 2350 cernerent,
572 2269 707 2352 singulis
730 2270 903 2334 amicorum
926 2269 1101 2334 Alexandri
1125 2271 1164 2335 ob
1186 2270 1317 2334 nimiam

276 2373 368 2456 regni
416 2372 622 2458 cupiditatem
659 2373 829 2455 adulantis,
869 2381 1010 2440 statuunt
1047 2374 1208 2439 neminem
1245 2394 1316 2440 esse

276 2477 432 2561 potiorem
455 2497 549 2558 quam
573 2476 831 2562 Abdalonymum
862 2476 1031 2561 quendam,
1066 2479 1164 2560 longa
1187 2477 1316 2560 quidem

277 2581 467 2664 cognatione
490 2581 581 2666 stirpi
603 2581 711 2664 regiae
728 2603 896 2663 annexum,
922 2581 979 2647 sed
995 2583 1035 2647 ob
1051 2583 1192 2668 inopiam
1208 2583 1316 2647 subur-

224 2685 394 2750 eobanum
416 2685 542 2749 hortum
565 2685 682 2768 exigua
705 2687 860 2751 colentem
883 2686 974 2771 stipe.
1011 2686 1116 2752 Causa
1139 2686 1169 2752 ei
1184 2707 1317 2771 pauper-

276 2789 359 2870 tatis,
394 2788 487 2854 sicut
505 2789 674 2872 plerisque,
710 2789 852 2873 probitas
876 2798 954 2869 erat,
990 2789 1193 2871 intentusque
1227 2789 1316 2874 operi

276 2893 388 2957 diurno
412 2893 577 2977 strepitum
600 2913 767 2974 armorum,
792 2893 846 2975 qni
861 2899 960 2959 totam
976 2894 1087 2958 Asiam
1103 2899 1313 2973 concusserat,

224 3012 255 3061 21
277 3017 338 3061 non
363 2997 564 3063 exaudiebat.
611 2998 723 3064 Subito
747 2997 871 3079 deinde,
896 2997 936 3064 de
960 2999 1074 3081 quibus
1097 3006 1172 3064 ante
1195 2998 1352 3066 dietumd

276 3107 332 3182 est,
365 3122 436 3167 cum
459 3102 567 3185 regiae
590 3103 687 3167 vestis
710 3103 887 3186 insignibus
911 3103 1036 3168 hortum
1059 3103 1187 3185 intrant,
1221 3124 1314 3186 quem

275 3205 357 3272 forte
386 3206 508 3272 steriles
539 3207 654 3273 herbas
686 3207 807 3290 eligens
832 3207 1075 3291 Abdalonymus
1106 3209 1313 3293 repurgabat.

223 3323 255 3372 22
274 3310 355 3375 Tum
381 3331 458 3394 rege
490 3330 528 3376 eo
559 3311 693 3376 salutato
724 3311 804 3376 alter
835 3333 875 3376 ex
905 3311 965 3393 his,
994 3311 1170 3394 ‘Habitus',
1202 3311 1313 3394 inquit,

270 3413 335 3478 ‘hic
370 3413 476 3496 vestis,
513 3435 606 3498 (luem
641 3415 743 3480 cernis
777 3416 809 3480 in
843 3415 921 3481 meis
957 3417 1112 3496 manibus,
1149 3437 1220 3480 cum
1254 3415 1315 3480 isto

274 3516 419 3600 squalore
451 3517 678 3602 permutandus
710 3519 767 3584 tibi
799 3527 857 3584 est.
916 3519 1020 3584 Ablue
1055 3539 1170 3604 corpus
1206 3519 1315 3584 illuvie

274 3627 467 3704 veternoque
492 3619 530 3708 [et
554 3619 711 3708 sordibus]
735 3623 931 3705 squalidum:
964 3645 1044 3708 cape
1066 3624 1154 3707 regis
1176 3624 1315 3688 animum

275 3731 305 3790 et
331 3723 361 3788 in
385 3745 456 3790 eram
481 3725 650 3808 fortunam,
676 3725 878 3808 (praedignus
902 3748 945 3809 es,
970 3728 1065 3793 istam
1089 3728 1314 3793 continentiam

276 3827 389 3914 perdor.
429 3829 469 3894 llt
493 3849 563 3896 oum
587 3830 618 3894 in
643 3831 744 3914 regali
769 3831 848 3896 solio
865 3831 1030 3912 residebis,
1054 3832 1140 3897 vitae
1163 3832 1314 3915 necisque

275 3931 414 3996 omnium
440 3931 554 3998 civium
587 3931 743 4016 (lominus,
776 3953 854 4000 cave
885 3935 1082 4002 obliviscaris
1113 3936 1251 4019 habitus,
1281 3936 1315 4000 in
