3040 4318
391 236 642 292 HISTORIARUM
661 235 877 290 ALEXANDRI
894 236 931 289 lV
952 238 991 290 15.
1171 237 1209 302 81

173 447 230 511 sed
257 466 319 510 non
350 444 499 510 sustinuit
526 442 735 510 Cadusiorum
765 441 1018 528 Scytharumque
1048 445 1210 531 impetum,

173 550 291 634 quippe
314 550 369 614 vix
390 554 545 633 temptato
569 549 740 613 certamine
763 547 882 631 refugit
904 549 947 613 ad
969 569 1087 632 regem,
1119 549 1213 614 amis-

173 673 279 718 sorum
299 653 597 738 impedimentorum
619 653 710 719 testis
733 652 837 735 magis
861 673 956 735 quam
977 653 1107 718 vindex.
1142 653 1210 718 Iam
1231 663 1263 713 13

173 757 341 822 consilium
363 757 538 822 Alexandri
569 757 659 822 dolor
681 757 810 836 vicerat,
843 764 882 836 et,
913 777 954 822 ne
978 777 1054 822 cura
1083 777 1212 842 recupe-

173 862 264 926 randi
281 883 339 927 sua
354 861 487 926 militem
506 883 526 926 a
549 861 669 945 proelio
686 867 851 940 averteret,
876 880 939 925 non
954 861 1111 927 immerito
1126 882 1212 927 verc-

172 967 274 1031 batur.
332 965 444 1048 Itaque
478 965 607 1046 Areten,
643 965 758 1029 ducem
791 963 989 1029 hastatorum
1023 1003 1064 1012 —
1099 965 1213 1030 sariso-

117 1066 292 1154 57phoros
307 1071 465 1135 vocabant
489 1107 531 1116 -
553 1069 707 1135 adversus
724 1067 861 1151 Scythas
882 1068 988 1134 mittit.
1022 1070 1109 1135 Inter
1131 1069 1212 1136 haec
1233 1079 1264 1128 14

172 1195 291 1255 currus,
315 1174 369 1256 qui
391 1174 477 1238 circa
499 1174 593 1256 signa
612 1173 715 1258 prima
729 1173 935 1238 turbaverant
950 1173 1062 1255 aciem,
1087 1174 1120 1239 in
1135 1174 1211 1259 pha·

171 1280 300 1361 langem
334 1277 453 1343 invecti
487 1284 593 1342 erant:
640 1276 834 1341 Macedones
869 1275 1062 1342 confirmatis
1097 1278 1211 1343 animis

171 1382 204 1446 in
227 1381 368 1446 medium
390 1401 507 1464 agmen
529 1379 700 1464 accipiunt.
747 1380 841 1444 Vallo
868 1380 980 1445 similis
1010 1381 1096 1446 acies
1127 1389 1211 1447 erat:
1232 1393 1263 1442 15

171 1487 341 1551 iunxerant
364 1484 473 1550 hastas
498 1492 529 1550 et
551 1484 592 1548 ab
623 1491 756 1566 utroque
786 1484 886 1548 latere
912 1491 1031 1550 temere
1054 1485 1211 1550 incurren-

171 1589 250 1654 tium
288 1589 343 1653 ilia
380 1588 602 1654 suffodiebant.
664 1586 837 1653 Circumire
878 1586 995 1653 deinde
1032 1608 1142 1653 currus
1181 1596 1212 1654 et

171 1699 425 1777 propugnatores
463 1691 675 1777 praecipitare
713 1698 895 1775 coeperunt.
955 1692 1075 1775 Ingens
1120 1692 1212 1757 mina
1232 1707 1264 1758 16

172 1816 322 1879 equorum
353 1795 600 1878 aurigarumque
623 1794 726 1860 aciem
750 1794 974 1878 compleverat.
1021 1795 1065 1858 Hi
1086 1795 1213 1861 territos

172 1921 285 1983 regere
318 1921 381 1964 non
419 1906 582 1984 poterant:
614 1898 668 1981 qui
706 1898 817 1963 crebra
850 1897 1019 1963 iactatione
1053 1899 1213 1964 cervicum

171 2023 236 2068 non
265 2003 376 2086 iugum
405 2003 501 2067 modo
524 2008 738 2082 excusserant,
771 2001 829 2066 sed
860 2002 956 2067 etiam
986 2023 1096 2067 currus
1127 2024 1213 2068 ever·

171 2114 284 2188 terant,
319 2107 476 2172 vulnerati
509 2105 693 2172 interfectos
728 2104 904 2187 trahebant,
943 2127 1003 2171 nec
1038 2106 1212 2172 consistere

171 2211 273 2276 territi
306 2232 365 2276 nec
401 2211 553 2296 progredi
588 2210 710 2276 debiles
744 2216 899 2294 poterant.
946 2211 1072 2275 Paucae
1105 2222 1211 2275 tamen
1232 2227 1263 2276 17

173 2334 305 2379 evasere
341 2313 519 2396 quadrigae
553 2313 586 2377 in
620 2313 765 2378 ultimam
797 2313 910 2394 aciem,
944 2313 992 2394 iis,
1024 2313 1138 2397 quibus
1168 2313 1213 2377 in-

173 2418 328 2499 ciderunt,
363 2418 538 2484 miserabili
572 2425 672 2482 morte
706 2417 917 2502 consumptis:
953 2417 1072 2503 quippe
1105 2438 1213 2501 ampu-

170 2529 239 2586 tata
267 2521 407 2586 virorum
437 2521 580 2587 membra
610 2520 699 2585 humi
729 2520 884 2602 iacebant,
922 2528 961 2602 et,
994 2521 1069 2604 quia
1098 2521 1211 2587 calidis

169 2625 277 2690 adhuc
308 2625 492 2690 vulneribus
523 2625 634 2690 aberat
665 2623 763 2705 dolor,
798 2624 901 2689 trunci
936 2645 1062 2708 quoque
1097 2632 1128 2690 et
1159 2625 1212 2691 de-

169 2729 252 2794 biles
283 2728 413 2811 quidam
443 2749 529 2792 arma
559 2747 623 2792 non
654 2727 850 2808 omittebant,
886 2728 988 2793 donec
1018 2727 1117 2793 multo
1141 2747 1212 2794 san-

170 2832 267 2915 guine
298 2832 400 2898 effuso
431 2831 603 2896 exanimati
632 2832 886 2916 procumberent.
932 2832 1064 2897 Interim
1084 2831 1210 2915 Aretes,
1232 2849 1263 2900 18

170 2936 374 3020 Scytharum,
411 2937 464 3019 qui
498 2935 726 3021 impedimenta
749 2936 950 3021 diripiebant,
983 2937 1064 3001 duce
1095 2937 1209 3019 occiso,

170 3041 301 3123 gravius
324 3040 442 3105 territis
465 3040 616 3105 instabat.
663 3041 883 3125 Supervenere
915 3041 1032 3106 deinde
1062 3063 1081 3105 a
1103 3042 1210 3107 Dareo

169 3145 333 3210 Bactriani
377 3166 568 3230 pugnaeque
612 3153 736 3210 vertere
774 3145 943 3210 fortunam.
1005 3147 1097 3211 Multi
1134 3167 1210 3230 ergo

169 3249 381 3314 Macedonum
404 3251 505 3334 primo
529 3249 650 3334 impetu
675 3249 783 3314 obtriti
806 3257 886 3330 sunt,
919 3251 1026 3334 plures
1050 3251 1092 3315 ad
1115 3251 1211 3316 Alex-

169 3353 305 3418 andrum
353 3353 549 3436 refugerunt.
611 3353 693 3418 Tum
730 3353 848 3418 Persae
893 3353 1032 3420 clamore
1073 3355 1208 3435 sublato,
1231 3371 1262 3421 11

169 3458 296 3539 qualem
319 3457 456 3522 victores
479 3458 583 3522 solent
607 3457 710 3538 edere,
735 3456 883 3524 ferociter
905 3458 938 3522 in
962 3457 1095 3539 hostem,
1120 3459 1210 3541 quasi

168 3562 287 3644 ubique
332 3560 545 3647 profligatum,
592 3561 800 3626 incurrerunt.
862 3561 1047 3628 Alexander
1083 3563 1208 3628 territos

168 3664 337 3748 castigare,
375 3663 547 3746 adhortari,
586 3665 750 3749 proelium,
790 3666 875 3748 quod
912 3666 976 3731 iam
1010 3667 1206 3749 elanguerat,

168 3770 255 3834 solus
284 3769 479 3834 accendere:
509 3768 766 3851 confirmatisque
795 3769 923 3834 tandem
954 3769 1068 3834 animis
1098 3769 1144 3834 ire
1175 3769 1206 3833 in

113 3872 159 3942 58
170 3872 294 3937 hostem
317 3873 414 3939 iubet.
457 3873 572 3937 Rarior
593 3873 679 3938 acies
710 3880 778 3938 erat
808 3873 840 3937 in
871 3873 982 3938 dextro
1013 3893 1110 3937 cornu
1133 3873 1205 3938 Per·
1225 3889 1259 3937 20

220 4008 318 4052 Curtius
332 4009 409 4052 Rufus
423 4021 471 4053 von
486 4010 609 4063 Stangl.
1086 4001 1102 4048 6
