<?xml version="1.0" encoding="UTF-8"?>
<!DOCTYPE html PUBLIC "-//W3C//DTD XHTML 1.0 Transitional//EN"
    "http://www.w3.org/TR/xhtml1/DTD/xhtml1-transitional.dtd">
<html xmlns="http://www.w3.org/1999/xhtml" xml:lang="en" lang="en">
 <head>
  <title>
</title>
<meta http-equiv="Content-Type" content="text/html;charset=utf-8" />
  <meta name='ocr-system' content='tesseract 3.04.00' />
  <meta name='ocr-capabilities' content='ocr_page ocr_carea ocr_par ocr_line ocrx_word'/>
</head>
<body>
  <div class='ocr_page' id='page_1' title='image "./qcurtirufihisto00stangoog_0297.png"; bbox 0 0 2970 4322; ppageno 0'>
   <div class='ocr_carea' id='block_1_1' title="bbox 269 149 921 218">
    <p class='ocr_par' dir='ltr' id='par_1_1' title="bbox 269 149 921 218">
     <span class='ocr_line' id='line_1_1' title="bbox 269 149 921 218; baseline 0.002 -15"><span class='ocrx_word' id='word_1_1' title='bbox 269 151 333 217; x_wconf 71' lang='lat'>254</span> <span class='ocrx_word' id='word_1_2' title='bbox 658 151 689 218; x_wconf 81' lang='lat' dir='ltr'>o.</span> <span class='ocrx_word' id='word_1_3' title='bbox 709 149 817 204; x_wconf 79' lang='grc'>0111111</span> <span class='ocrx_word' id='word_1_4' title='bbox 835 149 921 205; x_wconf 80' lang='lat' dir='ltr'>eurr</span> 
     </span>
    </p>
   </div>
   <div class='ocr_carea' id='block_1_2' title="bbox 216 354 1315 1256">
    <p class='ocr_par' dir='ltr' id='par_1_2' title="bbox 216 354 1315 754">
     <span class='ocr_line' id='line_1_2' title="bbox 216 354 1312 441; baseline 0.001 -19"><span class='ocrx_word' id='word_1_5' title='bbox 216 363 250 414; x_wconf 83' lang='lat'>29</span> <span class='ocrx_word' id='word_1_6' title='bbox 269 356 412 438; x_wconf 80' lang='lat' dir='ltr'>Cumque</span> <span class='ocrx_word' id='word_1_7' title='bbox 449 355 638 441; x_wconf 87' lang='lat' dir='ltr'>profluvium</span> <span class='ocrx_word' id='word_1_8' title='bbox 676 354 917 420; x_wconf 78' lang='lat' dir='ltr'><strong>medicamentis</strong></span> <span class='ocrx_word' id='word_1_9' title='bbox 954 355 1071 421; x_wconf 84' lang='lat' dir='ltr'>frustra</span> <span class='ocrx_word' id='word_1_10' title='bbox 1114 357 1312 438; x_wconf 82' lang='lat' dir='ltr'>inhiberent,</span> 
     </span>
     <span class='ocr_line' id='line_1_3' title="bbox 269 459 1314 546; baseline 0.001 -20"><span class='ocrx_word' id='word_1_11' title='bbox 269 462 389 526; x_wconf 86' lang='lat' dir='ltr'>clamor</span> <span class='ocrx_word' id='word_1_12' title='bbox 421 460 516 526; x_wconf 89' lang='lat' dir='ltr'>simul</span> <span class='ocrx_word' id='word_1_13' title='bbox 549 467 646 542; x_wconf 89' lang='lat' dir='ltr'>atque</span> <span class='ocrx_word' id='word_1_14' title='bbox 679 459 823 544; x_wconf 78' lang='lat' dir='ltr'><strong>ploratus</strong></span> <span class='ocrx_word' id='word_1_15' title='bbox 856 459 1031 526; x_wconf 90' lang='lat' dir='ltr'>amicorum</span> <span class='ocrx_word' id='word_1_16' title='bbox 1064 461 1174 544; x_wconf 88' lang='lat' dir='ltr'>oritur,</span> <span class='ocrx_word' id='word_1_17' title='bbox 1198 482 1314 546; x_wconf 82' lang='lat' dir='ltr'>regem</span> 
     </span>
     <span class='ocr_line' id='line_1_4' title="bbox 269 562 1313 649; baseline 0.001 -19"><span class='ocrx_word' id='word_1_18' title='bbox 269 565 434 649; x_wconf 79' lang='lat' dir='ltr'>expirasse</span> <span class='ocrx_word' id='word_1_19' title='bbox 457 563 663 628; x_wconf 89' lang='lat' dir='ltr'>credentium.</span> <span class='ocrx_word' id='word_1_20' title='bbox 705 562 850 628; x_wconf 82' lang='lat' dir='ltr'>Tandem</span> <span class='ocrx_word' id='word_1_21' title='bbox 873 563 1014 629; x_wconf 88' lang='lat' dir='ltr'>constitit</span> <span class='ocrx_word' id='word_1_22' title='bbox 1037 564 1177 648; x_wconf 84' lang='lat' dir='ltr'>sanguis,</span> <span class='ocrx_word' id='word_1_23' title='bbox 1202 566 1313 649; x_wconf 90' lang='lat' dir='ltr'>paula·</span> 
     </span>
     <span class='ocr_line' id='line_1_5' title="bbox 268 667 1315 754; baseline 0.001 -20"><span class='ocrx_word' id='word_1_24' title='bbox 268 669 390 751; x_wconf 90' lang='lat' dir='ltr'>timque</span> <span class='ocrx_word' id='word_1_25' title='bbox 419 669 562 734; x_wconf 89' lang='lat' dir='ltr'>animum</span> <span class='ocrx_word' id='word_1_26' title='bbox 591 667 712 752; x_wconf 88' lang='lat' dir='ltr'>recepit</span> <span class='ocrx_word' id='word_1_27' title='bbox 743 675 773 732; x_wconf 89' lang='lat' dir='ltr'>et</span> <span class='ocrx_word' id='word_1_28' title='bbox 801 667 1044 734; x_wconf 81' lang='lat' dir='ltr'>circumstantes</span> <span class='ocrx_word' id='word_1_29' title='bbox 1075 669 1182 754; x_wconf 90' lang='lat' dir='ltr'>coepit</span> <span class='ocrx_word' id='word_1_30' title='bbox 1212 690 1315 754; x_wconf 78' lang='lat' dir='ltr'>agno·</span> 
     </span>
    </p>

    <p class='ocr_par' dir='ltr' id='par_1_3' title="bbox 218 771 1314 1256">
     <span class='ocr_line' id='line_1_6' title="bbox 218 771 1314 856; baseline 0.002 -18"><span class='ocrx_word' id='word_1_31' title='bbox 218 795 251 844; x_wconf 86' lang='lat'>30</span> <span class='ocrx_word' id='word_1_32' title='bbox 269 793 368 842; x_wconf 87' lang='lat' dir='ltr'>scere.</span> <span class='ocrx_word' id='word_1_33' title='bbox 414 774 495 838; x_wconf 82' lang='lat' dir='ltr'>Toto</span> <span class='ocrx_word' id='word_1_34' title='bbox 519 793 556 838; x_wconf 92' lang='lat' dir='ltr'>eo</span> <span class='ocrx_word' id='word_1_35' title='bbox 579 771 633 837; x_wconf 91' lang='lat' dir='ltr'>die</span> <span class='ocrx_word' id='word_1_36' title='bbox 655 791 693 836; x_wconf 90' lang='lat' dir='ltr'>ac</span> <span class='ocrx_word' id='word_1_37' title='bbox 716 778 819 853; x_wconf 87' lang='lat' dir='ltr'>nocte,</span> <span class='ocrx_word' id='word_1_38' title='bbox 845 792 927 855; x_wconf 90' lang='lat' dir='ltr'>quae</span> <span class='ocrx_word' id='word_1_39' title='bbox 951 779 1062 838; x_wconf 85' lang='lat' dir='ltr'>secuta</span> <span class='ocrx_word' id='word_1_40' title='bbox 1084 780 1143 856; x_wconf 85' lang='lat' dir='ltr'>est,</span> <span class='ocrx_word' id='word_1_41' title='bbox 1167 781 1314 840; x_wconf 88' lang='lat' dir='ltr'>armatus</span> 
     </span>
     <span class='ocr_line' id='line_1_7' title="bbox 270 875 1314 963; baseline 0 -19"><span class='ocrx_word' id='word_1_42' title='bbox 270 878 431 944; x_wconf 83' lang='lat' dir='ltr'>exercitus</span> <span class='ocrx_word' id='word_1_43' title='bbox 451 877 572 960; x_wconf 87' lang='lat' dir='ltr'>regiam</span> <span class='ocrx_word' id='word_1_44' title='bbox 595 875 732 955; x_wconf 82' lang='lat' dir='ltr'>obsedit,</span> <span class='ocrx_word' id='word_1_45' title='bbox 757 877 922 944; x_wconf 87' lang='lat' dir='ltr'>confessus</span> <span class='ocrx_word' id='word_1_46' title='bbox 946 897 1055 943; x_wconf 90' lang='lat' dir='ltr'>omnes</span> <span class='ocrx_word' id='word_1_47' title='bbox 1077 876 1172 944; x_wconf 88' lang='lat' dir='ltr'>unius</span> <span class='ocrx_word' id='word_1_48' title='bbox 1195 879 1314 963; x_wconf 89' lang='lat' dir='ltr'>spiritu</span> 
     </span>
     <span class='ocr_line' id='line_1_8' title="bbox 268 981 1314 1066; baseline -0.001 -18"><span class='ocrx_word' id='word_1_49' title='bbox 268 983 386 1048; x_wconf 84' lang='lat' dir='ltr'>vivere.</span> <span class='ocrx_word' id='word_1_50' title='bbox 445 981 514 1047; x_wconf 88' lang='lat' dir='ltr'>Nec</span> <span class='ocrx_word' id='word_1_51' title='bbox 547 981 636 1066; x_wconf 90' lang='lat' dir='ltr'>prius</span> <span class='ocrx_word' id='word_1_52' title='bbox 669 988 871 1046; x_wconf 87' lang='lat' dir='ltr'>recesserunt</span> <span class='ocrx_word' id='word_1_53' title='bbox 909 1001 1005 1064; x_wconf 91' lang='lat' dir='ltr'>quam</span> <span class='ocrx_word' id='word_1_54' title='bbox 1029 987 1227 1066; x_wconf 91' lang='lat' dir='ltr'>compertum</span> <span class='ocrx_word' id='word_1_55' title='bbox 1261 991 1314 1048; x_wconf 90' lang='lat' dir='ltr'>est</span> 
     </span>
     <span class='ocr_line' id='line_1_9' title="bbox 269 1084 1313 1172; baseline -0.001 -21"><span class='ocrx_word' id='word_1_56' title='bbox 269 1106 381 1151; x_wconf 89' lang='lat' dir='ltr'>somno</span> <span class='ocrx_word' id='word_1_57' title='bbox 418 1084 582 1170; x_wconf 85' lang='lat' dir='ltr'>paulisper</span> <span class='ocrx_word' id='word_1_58' title='bbox 618 1084 833 1167; x_wconf 78' lang='lat' dir='ltr'>acquiescere.</span> <span class='ocrx_word' id='word_1_59' title='bbox 891 1085 975 1150; x_wconf 90' lang='lat' dir='ltr'>Hine</span> <span class='ocrx_word' id='word_1_60' title='bbox 1013 1085 1180 1150; x_wconf 88' lang='lat' dir='ltr'>certiorem</span> <span class='ocrx_word' id='word_1_61' title='bbox 1219 1107 1313 1172; x_wconf 90' lang='lat' dir='ltr'>spem</span> 
     </span>
     <span class='ocr_line' id='line_1_10' title="bbox 270 1189 883 1256; baseline -0.003 0"><span class='ocrx_word' id='word_1_62' title='bbox 270 1191 384 1256; x_wconf 85' lang='lat' dir='ltr'>salutis</span> <span class='ocrx_word' id='word_1_63' title='bbox 407 1189 477 1255; x_wconf 91' lang='lat' dir='ltr'>eius</span> <span class='ocrx_word' id='word_1_64' title='bbox 500 1191 532 1254; x_wconf 94' lang='lat' dir='ltr'>in</span> <span class='ocrx_word' id='word_1_65' title='bbox 555 1195 660 1254; x_wconf 91' lang='lat' dir='ltr'>castra</span> <span class='ocrx_word' id='word_1_66' title='bbox 681 1189 883 1254; x_wconf 88' lang='lat' dir='ltr'>rettulerunt.</span> 
     </span>
    </p>
   </div>
   <div class='ocr_carea' id='block_1_3' title="bbox 729 1381 884 1458">
    <p class='ocr_par' dir='ltr' id='par_1_4' title="bbox 729 1381 884 1458">
     <span class='ocr_line' id='line_1_11' title="bbox 729 1381 884 1458; baseline 0 -24"><span class='ocrx_word' id='word_1_67' title='bbox 729 1381 793 1434; x_wconf 72' lang='lat' dir='ltr'>Gne.</span> <span class='ocrx_word' id='word_1_68' title='bbox 812 1381 857 1434; x_wconf 92' lang='lat' dir='ltr'>VI.</span> <span class='ocrx_word' id='word_1_69' title='bbox 881 1453 884 1458; x_wconf 25' lang='grc' dir='ltr'>Ι</span> 
     </span>
    </p>
   </div>
   <div class='ocr_carea' id='block_1_4' title="bbox 236 1499 1365 2109">
    <p class='ocr_par' dir='ltr' id='par_1_5' title="bbox 237 1499 1365 2002">
     <span class='ocr_line' id='line_1_12' title="bbox 237 1499 1365 1581; baseline -0.003 -10"><span class='ocrx_word' id='word_1_70' title='bbox 237 1523 250 1571; x_wconf 98' lang='grc'>1</span> <span class='ocrx_word' id='word_1_71' title='bbox 374 1501 443 1566; x_wconf 86' lang='lat' dir='ltr'>Rex</span> <span class='ocrx_word' id='word_1_72' title='bbox 469 1511 520 1567; x_wconf 81' lang='lat' dir='ltr'>VII</span> <span class='ocrx_word' id='word_1_73' title='bbox 553 1499 667 1566; x_wconf 91' lang='lat' dir='ltr'>diebus</span> <span class='ocrx_word' id='word_1_74' title='bbox 690 1507 799 1566; x_wconf 86' lang='lat' dir='ltr'>curato</span> <span class='ocrx_word' id='word_1_75' title='bbox 833 1501 964 1566; x_wconf 87' lang='lat' dir='ltr'>vulnere</span> <span class='ocrx_word' id='word_1_76' title='bbox 997 1500 1136 1566; x_wconf 89' lang='lat' dir='ltr'>necdum</span> <span class='ocrx_word' id='word_1_77' title='bbox 1169 1502 1312 1568; x_wconf 89' lang='lat' dir='ltr'>obducta</span> <span class='ocrx_word' id='word_1_78' title='bbox 1322 1510 1365 1581; x_wconf 80' lang='lat'>23</span> 
     </span>
     <span class='ocr_line' id='line_1_13' title="bbox 270 1603 1314 1689; baseline -0.002 -17"><span class='ocrx_word' id='word_1_79' title='bbox 270 1605 430 1686; x_wconf 84' lang='lat' dir='ltr'>cicatrice,</span> <span class='ocrx_word' id='word_1_80' title='bbox 455 1625 527 1670; x_wconf 90' lang='lat' dir='ltr'>cum</span> <span class='ocrx_word' id='word_1_81' title='bbox 541 1603 686 1669; x_wconf 87' lang='lat' dir='ltr'>audisset</span> <span class='ocrx_word' id='word_1_82' title='bbox 702 1603 904 1670; x_wconf 86' lang='lat' dir='ltr'>convaluisse</span> <span class='ocrx_word' id='word_1_83' title='bbox 918 1603 1006 1689; x_wconf 89' lang='lat' dir='ltr'>apud</span> <span class='ocrx_word' id='word_1_84' title='bbox 1021 1605 1175 1670; x_wconf 89' lang='lat' dir='ltr'>barbaros</span> <span class='ocrx_word' id='word_1_85' title='bbox 1191 1605 1314 1670; x_wconf 84' lang='lat' dir='ltr'>famam</span> 
     </span>
     <span class='ocr_line' id='line_1_14' title="bbox 269 1707 1314 1791; baseline 0 -17"><span class='ocrx_word' id='word_1_86' title='bbox 269 1710 381 1775; x_wconf 89' lang='lat' dir='ltr'>mortis</span> <span class='ocrx_word' id='word_1_87' title='bbox 404 1728 493 1788; x_wconf 89' lang='lat' dir='ltr'>suae,</span> <span class='ocrx_word' id='word_1_88' title='bbox 523 1708 648 1774; x_wconf 90' lang='lat' dir='ltr'>duobus</span> <span class='ocrx_word' id='word_1_89' title='bbox 672 1707 812 1791; x_wconf 85' lang='lat' dir='ltr'>navigiis</span> <span class='ocrx_word' id='word_1_90' title='bbox 835 1707 951 1774; x_wconf 89' lang='lat' dir='ltr'>iunctis</span> <span class='ocrx_word' id='word_1_91' title='bbox 979 1709 1077 1774; x_wconf 89' lang='lat' dir='ltr'>statui</span> <span class='ocrx_word' id='word_1_92' title='bbox 1106 1709 1140 1773; x_wconf 89' lang='lat' dir='ltr'>in</span> <span class='ocrx_word' id='word_1_93' title='bbox 1171 1710 1314 1776; x_wconf 89' lang='lat' dir='ltr'>medium</span> 
     </span>
     <span class='ocr_line' id='line_1_15' title="bbox 270 1813 1313 1897; baseline -0.001 -18"><span class='ocrx_word' id='word_1_94' title='bbox 270 1813 411 1896; x_wconf 91' lang='lat' dir='ltr'>undique</span> <span class='ocrx_word' id='word_1_95' title='bbox 445 1813 654 1897; x_wconf 89' lang='lat' dir='ltr'>conspicuum</span> <span class='ocrx_word' id='word_1_96' title='bbox 687 1813 929 1877; x_wconf 88' lang='lat' dir='ltr'>tabernaculum</span> <span class='ocrx_word' id='word_1_97' title='bbox 962 1813 1066 1894; x_wconf 87' lang='lat' dir='ltr'>iussit,</span> <span class='ocrx_word' id='word_1_98' title='bbox 1105 1833 1146 1879; x_wconf 88' lang='lat' dir='ltr'>ex</span> <span class='ocrx_word' id='word_1_99' title='bbox 1180 1834 1244 1896; x_wconf 93' lang='lat' dir='ltr'>quo</span> <span class='ocrx_word' id='word_1_100' title='bbox 1278 1835 1313 1880; x_wconf 87' lang='lat' dir='ltr'>se</span> 
     </span>
     <span class='ocr_line' id='line_1_16' title="bbox 271 1917 1313 2002; baseline 0.001 -19"><span class='ocrx_word' id='word_1_101' title='bbox 271 1918 452 1985; x_wconf 89' lang='lat' dir='ltr'>ostenderet</span> <span class='ocrx_word' id='word_1_102' title='bbox 467 1917 591 2002; x_wconf 86' lang='lat' dir='ltr'>perisse</span> <span class='ocrx_word' id='word_1_103' title='bbox 610 1917 831 1982; x_wconf 90' lang='lat' dir='ltr'>credentibus:</span> <span class='ocrx_word' id='word_1_104' title='bbox 856 1924 1109 2002; x_wconf 86' lang='lat' dir='ltr'>conspectusque</span> <span class='ocrx_word' id='word_1_105' title='bbox 1131 1919 1173 1983; x_wconf 89' lang='lat' dir='ltr'>ab</span> <span class='ocrx_word' id='word_1_106' title='bbox 1196 1917 1313 1984; x_wconf 86' lang='lat' dir='ltr'>ineolis</span> 
     </span>
    </p>

    <p class='ocr_par' dir='ltr' id='par_1_6' title="bbox 236 2020 1313 2109">
     <span class='ocr_line' id='line_1_17' title="bbox 236 2020 1313 2109; baseline -0.001 -19"><span class='ocrx_word' id='word_1_107' title='bbox 236 2041 252 2090; x_wconf 82' lang='lat'>2</span> <span class='ocrx_word' id='word_1_108' title='bbox 271 2045 361 2109; x_wconf 93' lang='lat' dir='ltr'>spem</span> <span class='ocrx_word' id='word_1_109' title='bbox 377 2021 527 2101; x_wconf 89' lang='lat' dir='ltr'>hostium,</span> <span class='ocrx_word' id='word_1_110' title='bbox 543 2021 625 2087; x_wconf 89' lang='lat' dir='ltr'>falso</span> <span class='ocrx_word' id='word_1_111' title='bbox 642 2021 754 2086; x_wconf 92' lang='lat' dir='ltr'>nuntio</span> <span class='ocrx_word' id='word_1_112' title='bbox 770 2029 968 2107; x_wconf 89' lang='lat' dir='ltr'>conceptam,</span> <span class='ocrx_word' id='word_1_113' title='bbox 988 2021 1135 2088; x_wconf 90' lang='lat' dir='ltr'>inhibuit.</span> <span class='ocrx_word' id='word_1_114' title='bbox 1161 2020 1313 2088; x_wconf 86' lang='lat' dir='ltr'>Secundo</span> 
     </span>
    </p>
   </div>
   <div class='ocr_carea' id='block_1_5' title="bbox 237 2124 1368 3881">
    <p class='ocr_par' dir='ltr' id='par_1_7' title="bbox 271 2124 1316 2420">
     <span class='ocr_line' id='line_1_18' title="bbox 271 2124 1314 2208; baseline -0.001 -15"><span class='ocrx_word' id='word_1_115' title='bbox 271 2127 388 2193; x_wconf 92' lang='lat' dir='ltr'>deinde</span> <span class='ocrx_word' id='word_1_116' title='bbox 421 2147 514 2192; x_wconf 90' lang='lat' dir='ltr'>amne</span> <span class='ocrx_word' id='word_1_117' title='bbox 548 2124 690 2206; x_wconf 83' lang='lat' dir='ltr'>defluxit,</span> <span class='ocrx_word' id='word_1_118' title='bbox 725 2125 924 2208; x_wconf 88' lang='lat' dir='ltr'>aliquantum</span> <span class='ocrx_word' id='word_1_119' title='bbox 957 2127 1117 2192; x_wconf 86' lang='lat' dir='ltr'>intervalli</span> <span class='ocrx_word' id='word_1_120' title='bbox 1151 2147 1170 2190; x_wconf 90' lang='lat' dir='ltr'>a</span> <span class='ocrx_word' id='word_1_121' title='bbox 1205 2134 1314 2192; x_wconf 91' lang='lat' dir='ltr'>cetera</span> 
     </span>
     <span class='ocr_line' id='line_1_19' title="bbox 272 2230 1316 2315; baseline -0.001 -18"><span class='ocrx_word' id='word_1_122' title='bbox 272 2233 376 2298; x_wconf 88' lang='lat' dir='ltr'>classe</span> <span class='ocrx_word' id='word_1_123' title='bbox 392 2230 602 2315; x_wconf 86' lang='lat' dir='ltr'>praecipiens,</span> <span class='ocrx_word' id='word_1_124' title='bbox 627 2231 772 2313; x_wconf 90' lang='lat' dir='ltr'>nequies</span> <span class='ocrx_word' id='word_1_125' title='bbox 789 2231 989 2314; x_wconf 88' lang='lat' dir='ltr'>perinvalido</span> <span class='ocrx_word' id='word_1_126' title='bbox 1003 2231 1110 2297; x_wconf 86' lang='lat' dir='ltr'>adhuc</span> <span class='ocrx_word' id='word_1_127' title='bbox 1131 2233 1316 2298; x_wconf 90' lang='lat' dir='ltr'>necessaria</span> 
     </span>
     <span class='ocr_line' id='line_1_20' title="bbox 271 2332 786 2420; baseline 0 -20"><span class='ocrx_word' id='word_1_128' title='bbox 271 2336 369 2416; x_wconf 90' lang='lat' dir='ltr'>pulsu</span> <span class='ocrx_word' id='word_1_129' title='bbox 391 2355 548 2401; x_wconf 90' lang='lat' dir='ltr'>remorum</span> <span class='ocrx_word' id='word_1_130' title='bbox 570 2332 786 2420; x_wconf 86' lang='lat' dir='ltr'>impediretur.</span> 
     </span>
    </p>

    <p class='ocr_par' dir='ltr' id='par_1_8' title="bbox 237 2436 1314 2734">
     <span class='ocr_line' id='line_1_21' title="bbox 237 2436 1314 2525; baseline -0.001 -17"><span class='ocrx_word' id='word_1_131' title='bbox 237 2458 253 2508; x_wconf 84' lang='lat'>3</span> <span class='ocrx_word' id='word_1_132' title='bbox 376 2438 507 2524; x_wconf 79' lang='lat' dir='ltr'>Quarto,</span> <span class='ocrx_word' id='word_1_133' title='bbox 529 2445 698 2525; x_wconf 88' lang='lat' dir='ltr'>postquam</span> <span class='ocrx_word' id='word_1_134' title='bbox 721 2439 876 2522; x_wconf 83' lang='lat' dir='ltr'>navigare</span> <span class='ocrx_word' id='word_1_135' title='bbox 900 2446 1059 2524; x_wconf 89' lang='lat' dir='ltr'>coeperat,</span> <span class='ocrx_word' id='word_1_136' title='bbox 1083 2436 1135 2504; x_wconf 92' lang='lat' dir='ltr'>die</span> <span class='ocrx_word' id='word_1_137' title='bbox 1163 2441 1314 2525; x_wconf 85' lang='lat' dir='ltr'>pervenit</span> 
     </span>
     <span class='ocr_line' id='line_1_22' title="bbox 271 2543 1314 2628; baseline 0.002 -18"><span class='ocrx_word' id='word_1_138' title='bbox 271 2547 304 2611; x_wconf 94' lang='lat' dir='ltr'>in</span> <span class='ocrx_word' id='word_1_139' title='bbox 325 2545 490 2628; x_wconf 84' lang='lat' dir='ltr'>regionem</span> <span class='ocrx_word' id='word_1_140' title='bbox 512 2543 671 2608; x_wconf 89' lang='lat' dir='ltr'>desertam</span> <span class='ocrx_word' id='word_1_141' title='bbox 694 2543 823 2626; x_wconf 91' lang='lat' dir='ltr'>quidem</span> <span class='ocrx_word' id='word_1_142' title='bbox 846 2543 886 2609; x_wconf 89' lang='lat' dir='ltr'>ab</span> <span class='ocrx_word' id='word_1_143' title='bbox 910 2543 1034 2626; x_wconf 89' lang='lat' dir='ltr'>ineolis,</span> <span class='ocrx_word' id='word_1_144' title='bbox 1065 2543 1122 2608; x_wconf 91' lang='lat' dir='ltr'>sed</span> <span class='ocrx_word' id='word_1_145' title='bbox 1152 2545 1314 2612; x_wconf 86' lang='lat' dir='ltr'>frumento</span> 
     </span>
     <span class='ocr_line' id='line_1_23' title="bbox 272 2648 1314 2734; baseline 0.001 -19"><span class='ocrx_word' id='word_1_146' title='bbox 272 2658 304 2715; x_wconf 93' lang='lat' dir='ltr'>et</span> <span class='ocrx_word' id='word_1_147' title='bbox 327 2649 495 2734; x_wconf 89' lang='lat' dir='ltr'>pecoribus</span> <span class='ocrx_word' id='word_1_148' title='bbox 519 2648 745 2714; x_wconf 89' lang='lat' dir='ltr'>abundantem.</span> <span class='ocrx_word' id='word_1_149' title='bbox 791 2648 916 2714; x_wconf 88' lang='lat' dir='ltr'>Placuit</span> <span class='ocrx_word' id='word_1_150' title='bbox 938 2649 967 2714; x_wconf 90' lang='lat' dir='ltr'>is</span> <span class='ocrx_word' id='word_1_151' title='bbox 989 2650 1078 2714; x_wconf 89' lang='lat' dir='ltr'>locus</span> <span class='ocrx_word' id='word_1_152' title='bbox 1101 2650 1198 2714; x_wconf 91' lang='lat' dir='ltr'>etad</span> <span class='ocrx_word' id='word_1_153' title='bbox 1221 2670 1314 2716; x_wconf 90' lang='lat' dir='ltr'>suam</span> 
     </span>
    </p>

    <p class='ocr_par' dir='ltr' id='par_1_9' title="bbox 237 2752 1314 3046">
     <span class='ocr_line' id='line_1_24' title="bbox 237 2752 1314 2838; baseline -0.001 -17"><span class='ocrx_word' id='word_1_154' title='bbox 237 2770 254 2820; x_wconf 82' lang='lat'>4</span> <span class='ocrx_word' id='word_1_155' title='bbox 273 2763 305 2820; x_wconf 89' lang='lat' dir='ltr'>et</span> <span class='ocrx_word' id='word_1_156' title='bbox 320 2754 362 2818; x_wconf 90' lang='lat' dir='ltr'>ad</span> <span class='ocrx_word' id='word_1_157' title='bbox 381 2753 517 2818; x_wconf 88' lang='lat' dir='ltr'>militum</span> <span class='ocrx_word' id='word_1_158' title='bbox 537 2752 688 2836; x_wconf 90' lang='lat' dir='ltr'>requiem.</span> <span class='ocrx_word' id='word_1_159' title='bbox 735 2753 805 2818; x_wconf 89' lang='lat' dir='ltr'>Mos</span> <span class='ocrx_word' id='word_1_160' title='bbox 829 2761 896 2818; x_wconf 89' lang='lat' dir='ltr'>erat</span> <span class='ocrx_word' id='word_1_161' title='bbox 919 2753 1117 2838; x_wconf 91' lang='lat' dir='ltr'>principibus</span> <span class='ocrx_word' id='word_1_162' title='bbox 1138 2755 1314 2820; x_wconf 88' lang='lat' dir='ltr'>amicorum</span> 
     </span>
     <span class='ocr_line' id='line_1_25' title="bbox 272 2856 1314 2942; baseline 0 -19"><span class='ocrx_word' id='word_1_163' title='bbox 272 2866 304 2924; x_wconf 91' lang='lat' dir='ltr'>et</span> <span class='ocrx_word' id='word_1_164' title='bbox 327 2856 514 2922; x_wconf 89' lang='lat' dir='ltr'>custodibus</span> <span class='ocrx_word' id='word_1_165' title='bbox 538 2858 678 2942; x_wconf 89' lang='lat' dir='ltr'>corporis</span> <span class='ocrx_word' id='word_1_166' title='bbox 709 2858 867 2923; x_wconf 86' lang='lat' dir='ltr'>excubare</span> <span class='ocrx_word' id='word_1_167' title='bbox 897 2864 972 2923; x_wconf 90' lang='lat' dir='ltr'>ante</span> <span class='ocrx_word' id='word_1_168' title='bbox 1002 2857 1205 2942; x_wconf 89' lang='lat' dir='ltr'>praetorium,</span> <span class='ocrx_word' id='word_1_169' title='bbox 1237 2871 1314 2942; x_wconf 88' lang='lat' dir='ltr'>quo-</span> 
     </span>
     <span class='ocr_line' id='line_1_26' title="bbox 272 2960 1314 3046; baseline 0.004 -20"><span class='ocrx_word' id='word_1_170' title='bbox 272 2962 356 3027; x_wconf 92' lang='lat' dir='ltr'>tiens</span> <span class='ocrx_word' id='word_1_171' title='bbox 379 2960 516 3027; x_wconf 88' lang='lat' dir='ltr'>adversa</span> <span class='ocrx_word' id='word_1_172' title='bbox 542 2961 612 3044; x_wconf 82' lang='lat' dir='ltr'>regi</span> <span class='ocrx_word' id='word_1_173' title='bbox 642 2961 786 3026; x_wconf 89' lang='lat' dir='ltr'>valitudo</span> <span class='ocrx_word' id='word_1_174' title='bbox 816 2961 991 3028; x_wconf 89' lang='lat' dir='ltr'>incidisset.</span> <span class='ocrx_word' id='word_1_175' title='bbox 1017 2962 1108 3027; x_wconf 57' lang='lat' dir='ltr'>tHoc</span> <span class='ocrx_word' id='word_1_176' title='bbox 1137 2969 1206 3027; x_wconf 92' lang='lat' dir='ltr'>tum</span> <span class='ocrx_word' id='word_1_177' title='bbox 1237 2985 1314 3046; x_wconf 93' lang='lat' dir='ltr'>quo-</span> 
     </span>
    </p>

    <p class='ocr_par' dir='ltr' id='par_1_10' title="bbox 239 3065 1315 3360">
     <span class='ocr_line' id='line_1_27' title="bbox 239 3065 1313 3150; baseline 0.001 -18"><span class='ocrx_word' id='word_1_178' title='bbox 239 3083 254 3133; x_wconf 86' lang='lat'>5</span> <span class='ocrx_word' id='word_1_179' title='bbox 274 3087 335 3149; x_wconf 92' lang='lat' dir='ltr'>que</span> <span class='ocrx_word' id='word_1_180' title='bbox 357 3087 444 3131; x_wconf 90' lang='lat' dir='ltr'>more</span> <span class='ocrx_word' id='word_1_181' title='bbox 467 3075 594 3131; x_wconf 89' lang='lat' dir='ltr'>servato</span> <span class='ocrx_word' id='word_1_182' title='bbox 617 3065 758 3131; x_wconf 86' lang='lat' dir='ltr'>universi</span> <span class='ocrx_word' id='word_1_183' title='bbox 781 3066 961 3131; x_wconf 88' lang='lat' dir='ltr'>cubiculum</span> <span class='ocrx_word' id='word_1_184' title='bbox 984 3066 1053 3131; x_wconf 92' lang='lat' dir='ltr'>eius</span> <span class='ocrx_word' id='word_1_185' title='bbox 1076 3066 1205 3131; x_wconf 89' lang='lat' dir='ltr'>intrant.</span> <span class='ocrx_word' id='word_1_186' title='bbox 1242 3069 1313 3150; x_wconf 93' lang='lat' dir='ltr'>Ille,</span> 
     </span>
     <span class='ocr_line' id='line_1_28' title="bbox 274 3168 1312 3254; baseline 0.001 -19"><span class='ocrx_word' id='word_1_187' title='bbox 274 3170 440 3248; x_wconf 85' lang='lat' dir='ltr'>sollicitus,</span> <span class='ocrx_word' id='word_1_188' title='bbox 470 3190 509 3234; x_wconf 92' lang='lat' dir='ltr'>ne</span> <span class='ocrx_word' id='word_1_189' title='bbox 533 3168 610 3252; x_wconf 91' lang='lat' dir='ltr'>quid</span> <span class='ocrx_word' id='word_1_190' title='bbox 632 3169 706 3234; x_wconf 87' lang='grc'>11011</span> <span class='ocrx_word' id='word_1_191' title='bbox 733 3170 891 3254; x_wconf 87' lang='lat' dir='ltr'>afferrent,</span> <span class='ocrx_word' id='word_1_192' title='bbox 922 3170 996 3252; x_wconf 91' lang='lat' dir='ltr'>quia</span> <span class='ocrx_word' id='word_1_193' title='bbox 1030 3170 1125 3235; x_wconf 86' lang='lat' dir='ltr'>simul</span> <span class='ocrx_word' id='word_1_194' title='bbox 1147 3179 1312 3254; x_wconf 87' lang='lat' dir='ltr'>venerant,</span> 
     </span>
     <span class='ocr_line' id='line_1_29' title="bbox 273 3274 1315 3360; baseline 0.003 -21"><span class='ocrx_word' id='word_1_195' title='bbox 273 3281 486 3360; x_wconf 89' lang='lat' dir='ltr'>percontatur,</span> <span class='ocrx_word' id='word_1_196' title='bbox 516 3294 593 3338; x_wconf 91' lang='lat' dir='ltr'>num</span> <span class='ocrx_word' id='word_1_197' title='bbox 619 3274 759 3339; x_wconf 89' lang='lat' dir='ltr'>hostium</span> <span class='ocrx_word' id='word_1_198' title='bbox 782 3294 897 3358; x_wconf 91' lang='lat' dir='ltr'>repens</span> <span class='ocrx_word' id='word_1_199' title='bbox 920 3274 1119 3340; x_wconf 90' lang='lat' dir='ltr'>nuntiaretur</span> <span class='ocrx_word' id='word_1_200' title='bbox 1146 3275 1315 3342; x_wconf 86' lang='lat' dir='ltr'>adventus.</span> 
     </span>
    </p>

    <p class='ocr_par' dir='ltr' id='par_1_11' title="bbox 239 3377 1368 3773">
     <span class='ocr_line' id='line_1_30' title="bbox 239 3377 1368 3464; baseline 0.003 -18"><span class='ocrx_word' id='word_1_201' title='bbox 239 3379 317 3446; x_wconf 88' lang='lat' dir='ltr'>6At</span> <span class='ocrx_word' id='word_1_202' title='bbox 341 3377 500 3456; x_wconf 82' lang='lat' dir='ltr'>Craterus,</span> <span class='ocrx_word' id='word_1_203' title='bbox 530 3378 581 3442; x_wconf 89' lang='lat' dir='ltr'>oui</span> <span class='ocrx_word' id='word_1_204' title='bbox 605 3377 790 3443; x_wconf 88' lang='lat' dir='ltr'>mandatum</span> <span class='ocrx_word' id='word_1_205' title='bbox 820 3385 897 3460; x_wconf 89' lang='lat' dir='ltr'>erat,</span> <span class='ocrx_word' id='word_1_206' title='bbox 929 3385 964 3443; x_wconf 91' lang='lat' dir='ltr'>ut</span> <span class='ocrx_word' id='word_1_207' title='bbox 994 3379 1168 3444; x_wconf 91' lang='lat' dir='ltr'>amicorum</span> <span class='ocrx_word' id='word_1_208' title='bbox 1197 3400 1311 3464; x_wconf 87' lang='lat' dir='ltr'>preces</span> <span class='ocrx_word' id='word_1_209' title='bbox 1324 3379 1368 3450; x_wconf 76' lang='lat'>24</span> 
     </span>
     <span class='ocr_line' id='line_1_31' title="bbox 274 3482 1316 3569; baseline 0.002 -21"><span class='ocrx_word' id='word_1_210' title='bbox 274 3483 431 3569; x_wconf 88' lang='lat' dir='ltr'>perferret</span> <span class='ocrx_word' id='word_1_211' title='bbox 464 3482 506 3547; x_wconf 89' lang='lat' dir='ltr'>ad</span> <span class='ocrx_word' id='word_1_212' title='bbox 540 3503 621 3562; x_wconf 91' lang='lat' dir='ltr'>eum,</span> <span class='ocrx_word' id='word_1_213' title='bbox 653 3482 839 3564; x_wconf 80' lang='lat' dir='ltr'>‘Credisne’,</span> <span class='ocrx_word' id='word_1_214' title='bbox 876 3483 987 3566; x_wconf 92' lang='lat' dir='ltr'>inquit,</span> <span class='ocrx_word' id='word_1_215' title='bbox 1022 3482 1174 3550; x_wconf 80' lang='lat' dir='ltr'>‘adventu</span> <span class='ocrx_word' id='word_1_216' title='bbox 1211 3486 1316 3569; x_wconf 82' lang='lat' dir='ltr'>magis</span> 
     </span>
     <span class='ocr_line' id='line_1_32' title="bbox 275 3586 1316 3654; baseline 0.002 -2"><span class='ocrx_word' id='word_1_217' title='bbox 275 3587 415 3652; x_wconf 87' lang='lat' dir='ltr'>hostium</span> <span class='ocrx_word' id='word_1_218' title='bbox 445 3623 488 3632; x_wconf 89' lang='lat'>—</span> <span class='ocrx_word' id='word_1_219' title='bbox 518 3593 552 3650; x_wconf 90' lang='lat' dir='ltr'>ut</span> <span class='ocrx_word' id='word_1_220' title='bbox 582 3586 645 3650; x_wconf 88' lang='lat' dir='ltr'>iam</span> <span class='ocrx_word' id='word_1_221' title='bbox 672 3586 704 3649; x_wconf 92' lang='lat' dir='ltr'>in</span> <span class='ocrx_word' id='word_1_222' title='bbox 735 3586 819 3651; x_wconf 86' lang='lat' dir='ltr'>vallo</span> <span class='ocrx_word' id='word_1_223' title='bbox 849 3587 1060 3652; x_wconf 86' lang='lat' dir='ltr'>consisterent</span> <span class='ocrx_word' id='word_1_224' title='bbox 1090 3624 1130 3634; x_wconf 95' lang='lat'><em>-</em></span> <span class='ocrx_word' id='word_1_225' title='bbox 1161 3587 1316 3654; x_wconf 86' lang='lat' dir='ltr'>sollicitos</span> 
     </span>
     <span class='ocr_line' id='line_1_33' title="bbox 276 3689 1315 3773; baseline 0.002 -17"><span class='ocrx_word' id='word_1_226' title='bbox 276 3711 347 3756; x_wconf 88' lang='lat' dir='ltr'>esse</span> <span class='ocrx_word' id='word_1_227' title='bbox 370 3711 466 3773; x_wconf 91' lang='lat' dir='ltr'>quam</span> <span class='ocrx_word' id='word_1_228' title='bbox 493 3709 569 3754; x_wconf 88' lang='lat' dir='ltr'>eura</span> <span class='ocrx_word' id='word_1_229' title='bbox 599 3689 710 3755; x_wconf 89' lang='lat' dir='ltr'>salutis</span> <span class='ocrx_word' id='word_1_230' title='bbox 740 3697 823 3772; x_wconf 90' lang='lat' dir='ltr'>tuae,</span> <span class='ocrx_word' id='word_1_231' title='bbox 857 3697 892 3755; x_wconf 93' lang='lat' dir='ltr'>ut</span> <span class='ocrx_word' id='word_1_232' title='bbox 921 3711 1007 3756; x_wconf 93' lang='lat' dir='ltr'>nunc</span> <span class='ocrx_word' id='word_1_233' title='bbox 1037 3699 1094 3773; x_wconf 89' lang='lat' dir='ltr'>est,</span> <span class='ocrx_word' id='word_1_234' title='bbox 1126 3691 1184 3756; x_wconf 91' lang='lat' dir='ltr'>tibi</span> <span class='ocrx_word' id='word_1_235' title='bbox 1214 3692 1315 3758; x_wconf 84' lang='lat' dir='ltr'>vilis?</span> 
     </span>
    </p>

    <p class='ocr_par' dir='ltr' id='par_1_12' title="bbox 241 3794 1316 3881">
     <span class='ocr_line' id='line_1_34' title="bbox 241 3794 1316 3881; baseline 0.001 -22"><span class='ocrx_word' id='word_1_236' title='bbox 241 3811 256 3859; x_wconf 84' lang='lat'><strong>7</strong></span> <span class='ocrx_word' id='word_1_237' title='bbox 278 3794 483 3872; x_wconf 78' lang='lat' dir='ltr'>Quantalibet</span> <span class='ocrx_word' id='word_1_238' title='bbox 498 3795 548 3859; x_wconf 86' lang='lat' dir='ltr'>vis</span> <span class='ocrx_word' id='word_1_239' title='bbox 564 3794 706 3862; x_wconf 92' lang='lat' dir='ltr'>omnium</span> <span class='ocrx_word' id='word_1_240' title='bbox 722 3795 864 3877; x_wconf 82' lang='lat' dir='ltr'>gentium</span> <span class='ocrx_word' id='word_1_241' title='bbox 881 3795 1041 3880; x_wconf 90' lang='lat' dir='ltr'>conspiret</span> <span class='ocrx_word' id='word_1_242' title='bbox 1056 3795 1088 3860; x_wconf 91' lang='lat' dir='ltr'>in</span> <span class='ocrx_word' id='word_1_243' title='bbox 1103 3815 1170 3878; x_wconf 91' lang='lat' dir='ltr'>nos,</span> <span class='ocrx_word' id='word_1_244' title='bbox 1180 3795 1316 3881; x_wconf 88' lang='lat' dir='ltr'>impleat</span> 
     </span>
    </p>
   </div>
   <div class='ocr_carea' id='block_1_6' title="bbox 0 0 1491 4322">
    <p class='ocr_par' dir='ltr' id='par_1_13' title="bbox 0 0 1491 4322">
     <span class='ocr_line' id='line_1_35' title="bbox 0 0 1491 4322; baseline 0 0"><span class='ocrx_word' id='word_1_245' title='bbox 0 0 1491 4322; x_wconf 95' lang='lat' dir='ltr'> </span> 
     </span>
    </p>
   </div>
  </div>
 </body>
</html>
