2976 4322
269 215 334 280 220
656 219 686 284 Q.
708 217 815 271 CllRTl
835 219 920 272 RUFI

269 420 371 500 batur,
403 423 487 505 quod
511 421 629 488 licebat
660 423 844 490 sedentibus
868 425 955 490 vesci
982 445 1054 489 cum
1076 445 1162 506 rege.
1210 424 1310 489 Casti·

268 525 366 608 gaudi
391 547 446 592 cos
469 526 655 592 verberibus
679 527 757 592 uulli
788 535 931 614 potestas
953 535 1080 614 praeter
1102 529 1208 613 ipsum
1231 537 1308 593 erat.

235 631 359 695 6Haec
384 632 498 696 cohors
522 633 609 696 velut
640 631 841 697 seminarium
872 633 989 698 ducum
1010 631 1310 718 praefectorumque

269 734 354 819 apud
367 735 561 801 Maccdonas
577 735 653 800 fuit:
677 735 908 828 hinchabuere
923 737 1042 822 posteri
1058 757 1161 820 reges,
1175 757 1311 819 quorum

270 838 359 924 stirpi
375 846 447 924 post
462 839 579 906 multas
595 848 718 906 aetates
733 840 868 906 Romani
884 861 961 925 opes
980 841 1175 905 ademerunt.

239 951 255 1000 7
378 943 480 1026 Igitur
491 943 688 1026 Hermolaus,
705 965 784 1030 puer
795 945 911 1010 nobilis
923 966 963 1010 ex
975 944 1066 1027 regia
1077 946 1217 1026 cohorte,
1239 967 1311 1010 cum

270 1068 381 1132 aprum
393 1048 457 1112 telo
475 1055 673 1133 occupasset,
687 1069 780 1131 quem
796 1069 852 1113 rex
868 1049 963 1114 scrire
980 1049 1203 1131 destinaverat,
1221 1050 1311 1115 iussu

271 1152 533 1218 eiusverbcribus
542 1153 680 1218 affectus
689 1160 746 1218 cst.
762 1153 864 1230 Quam
876 1152 1082 1236 ignominiam
1093 1174 1190 1236 aegre
1203 1153 1311 1219 ferens

271 1255 390 1322 deflere
413 1257 500 1342 apud
523 1258 701 1323 Sostratum
731 1257 852 1341 eoepit:
888 1278 928 1322 ex
955 1258 1066 1321 eadem
1089 1258 1220 1323 cohorte
1243 1265 1312 1322 erat

237 1361 444 1442 osostratuq
492 1383 598 1427 arnore
637 1361 705 1426 eius
742 1360 867 1426 ardens.
929 1360 991 1437 Qui
1028 1381 1100 1425 cum
1136 1362 1311 1426 laceratum

271 1485 395 1550 corpus,
430 1465 462 1530 in
494 1487 556 1548 quo
588 1465 760 1551 deperibat,
792 1465 975 1543 intueretur,
1007 1464 1140 1530 forsitan
1163 1465 1240 1529 olim
1271 1468 1311 1532 ob

271 1569 366 1634 aliam
390 1590 516 1652 quoque
540 1591 669 1660 causam
691 1569 761 1652 regi
773 1569 918 1650 infestus,
943 1569 1099 1650 iuvenem,
1124 1589 1183 1634 sua
1198 1577 1312 1654 sponte

271 1673 333 1738 iam
356 1681 485 1755 motum,
510 1675 585 1739 data
606 1671 668 1738 fide
689 1681 884 1758 acceptaque
907 1673 1054 1757 perpulit,
1086 1680 1120 1737 ut
1143 1673 1312 1738 occidendi

238 1781 253 1832 9
272 1797 380 1858 regern
403 1777 571 1844 eonsilium
595 1799 703 1844 secum
725 1775 828 1842 iniret.
873 1777 943 1841 Neo
965 1775 1079 1862 puerili
1101 1777 1222 1862 impetu
1245 1799 1312 1842 rem

273 1881 399 1946 executi
424 1889 513 1946 sunt:
546 1881 663 1968 quippe
692 1881 836 1946 sollerter
866 1881 1021 1963 legerunt,
1054 1901 1132 1963 quos
1156 1881 1189 1944 iu
1213 1881 1314 1946 socie-

273 1991 371 2050 tatem
417 1985 547 2052 sceleris
592 1985 796 2052 asciscerent.
849 1984 1075 2065 Nicostratum,
1111 1984 1313 2070 Antipatrum
1350 1988 1355 1996 '

272 2088 600 2174 Asclepiodorumque
625 2097 656 2154 et
679 2089 827 2154 Philotan
857 2089 978 2172 placuit
1007 2087 1143 2154 assumi:
1173 2109 1232 2173 per
1254 2089 1313 2153 hos

223 2203 255 2253 10
273 2193 393 2258 adiecti
416 2202 489 2260 sunt
512 2193 664 2272 Anticles,
690 2193 878 2278 Elaptonius
903 2199 933 2256 et
948 2191 1128 2278 Epimenes.
1165 2193 1314 2257 Ceterum

272 2298 417 2379 agendae
440 2299 487 2364 rei
513 2298 600 2362 haud
632 2319 709 2362 sane
740 2297 844 2362 facilis
874 2296 1004 2381 patebat
1026 2295 1087 2360 via
1134 2294 1222 2380 Opus
1247 2301 1315 2360 erat

275 2401 387 2466 eadem
411 2403 512 2468 omnis
536 2402 716 2467 coniuratos
746 2408 839 2466 nocte
870 2399 1038 2480 excubare,
1068 2419 1109 2463 ne
1139 2398 1180 2463 ab
1204 2420 1316 2484 exper-

272 2504 358 2570 uous
383 2505 508 2570 consus
532 2505 774 2590 impedirentur:
795 2503 877 2570 roae
900 2485 1006 2567 aloem
1028 2502 1111 2568 alius
1133 2502 1197 2566 ara
1219 2510 1313 2567 noea

224 2620 254 2669 11
276 2609 465 2674 excubabat.
519 2610 632 2692 Itaque
666 2609 699 2673 in
732 2607 949 2696 permutandis
985 2606 1156 2696 stationum
1189 2605 1315 2671 vicibus

275 2720 444 2795 ceteroque
479 2720 633 2798 apparatu
665 2711 872 2794 exequendae
901 2711 947 2774 rei
977 2720 1055 2774 XXX
1081 2718 1113 2775 et
1147 2709 1210 2774 duo
1244 2709 1314 2774 dies

223 2829 255 2878 12
274 2815 432 2901 absumpti
468 2825 548 2882 sunt.
602 2816 723 2880 Aderat
756 2837 830 2896 nox,
867 2835 930 2898 qua
963 2813 1118 2878 coniurati
1152 2813 1311 2878 excubare
1324 2808 1364 2879 22

275 2920 445 3001 debebant,
479 2927 589 2985 mutua
610 2920 672 2984 lide
696 2919 782 3001 laeti,
816 2919 906 2984 cuius
930 2919 1153 2982 documentum
1176 2924 1223 2982 tot
1246 2917 1315 2982 dies

273 3023 409 3089 fuerant.
455 3024 622 3088 Neminem
645 3031 748 3110 metus
779 3043 893 3108 spesve
924 3029 1118 3088 mutaverat:
1141 3028 1231 3085 tanta
1253 3043 1316 3084 orn-

223 3142 255 3192 13
274 3127 369 3193 nibus
393 3130 444 3192 vel
467 3128 500 3192 in
522 3150 631 3210 regom
651 3127 699 3191 ira
713 3127 765 3193 vel
780 3127 859 3191 fides
876 3127 957 3216 inter
972 3126 1059 3211 ipsos
1075 3125 1144 3191 fuit.
1181 3125 1316 3189 Stabant

274 3232 371 3315 igitur
394 3232 436 3296 ad
459 3232 544 3297 fores
575 3231 665 3296 aedis
698 3231 775 3310 eius,
807 3231 839 3293 in
871 3250 933 3312 qua
962 3251 1019 3294 rex
1049 3229 1248 3308 vescebatur,
1280 3235 1314 3292 ut

224 3349 256 3399 14
275 3335 424 3401 convivio
448 3355 612 3418 egressum
639 3335 671 3399 in
702 3333 884 3398 cubiculum
916 3333 1118 3397 deducerent.
1165 3332 1231 3398 Sed
1253 3332 1314 3396 for-

273 3448 350 3505 tuna
374 3440 475 3525 ipsius
500 3439 658 3521 simulque
682 3437 878 3523 epulantium
894 3437 1027 3526 comitas
1043 3435 1189 3522 provexit
1204 3455 1313 3499 omnes

274 3545 317 3609 ad
339 3544 460 3626 largius
484 3543 608 3607 vinum:
632 3543 700 3607 ludi
723 3542 818 3606 etiam
843 3541 1025 3606 convivales
1049 3547 1215 3604 extraxere
1239 3546 1315 3602 tem-

273 3669 343 3733 pus,
381 3669 465 3712 nunc
504 3647 696 3712 laetantibus
734 3645 916 3724 coniuratis,
964 3643 1049 3726 quod
1087 3642 1224 3728 sopitum
1261 3663 1315 3725 ag-

273 3752 415 3835 gressuri
439 3759 554 3831 essent,
586 3771 669 3814 nunc
694 3749 847 3829 sollicitis,
878 3770 918 3813 ne
942 3749 975 3812 in
1005 3749 1109 3812 lucem
1132 3745 1313 3811 convivium

228 3871 260 3918 15
279 3855 469 3920 extraheret.
517 3853 642 3938 Quippe
667 3853 746 3917 alios
770 3852 801 3916 in
833 3852 1001 3916 stationem
1024 3849 1190 3934 oportebat
1212 3849 1315 3934 prima
