3040 4318
375 234 628 289 msuoamnun
645 231 862 286 nnnxnunar
882 233 904 287 v
923 235 947 286 c.
967 217 991 286 i.
1011 234 1035 286 a.
1166 234 1229 300 109

185 441 319 507 ministri
344 441 537 527 pelicesque.
583 440 683 506 Multa
706 441 801 506 cedro
831 440 1000 506 aedificata
1027 447 1096 506 erat
1119 440 1226 524 regia:

185 567 268 629 quae
290 545 437 611 celeriter
459 545 534 628 igne
551 553 705 630 concepto
720 544 785 610 late
800 544 884 610 fudit
898 543 1091 610 incendium.
1131 543 1226 622 Quod
1244 559 1260 609 u

184 651 239 717 ubi
262 651 429 732 exercitus,
454 651 514 737 qui
530 649 619 715 haud
638 650 749 736 procui
764 651 844 716 urbe
859 645 1022 731 tendebat,
1047 649 1226 734 conspexit,

185 755 352 821 fortuitum
367 763 455 821 ratus
470 754 513 822 ad
531 775 625 840 opem
647 755 812 820 ferendam
828 754 998 820 concurrit.
1035 753 1101 820 Sed
1123 761 1158 819 nt
1180 754 1224 820 ad
1242 766 1258 816 7

184 860 377 926 vestibulum
392 860 502 943 regiae
516 865 647 927 ventum
662 867 720 941 ast,
741 859 855 925 vident
869 879 981 943 regem
996 859 1103 945 ipsum
1118 858 1227 925 adhuc

184 972 393 1049 aggerentem
427 964 525 1030 faces.
572 963 699 1030 Omissa
731 964 840 1047 igitur,
880 985 975 1047 quam
1009 971 1223 1049 portaverant,

185 1090 269 1152 aqua
284 1068 353 1152 igni
368 1074 477 1154 aptam
492 1069 657 1134 materiem
673 1069 707 1134 in
723 1067 906 1134 incendium
921 1068 1026 1134 iacere
1042 1075 1225 1153 coeperunt.

131 1171 176 1243 23
290 1173 383 1238 Hunc
415 1173 534 1240 exitum
564 1172 678 1237 habuit
707 1173 798 1255 regia
828 1172 926 1238 totius
957 1172 1103 1254 Orientis,
1139 1172 1261 1237 undas

186 1285 232 1342 tot
273 1284 388 1360 gentes
429 1285 524 1343 antea
560 1275 632 1342 iura
669 1278 829 1362 petebant,
875 1276 980 1362 patria
1016 1283 1062 1342 tot
1104 1296 1226 1360 regum,

186 1381 300 1446 unicus
330 1381 490 1463 quondam
513 1381 668 1464 Graeciae
697 1388 807 1462 terror,
839 1381 950 1446 molita
979 1381 1067 1444 mille
1097 1381 1226 1446 navium

187 1486 323 1552 classem
346 1493 378 1550 et
401 1485 567 1567 exereitus,
600 1486 713 1569 quibus
736 1487 865 1570 Europa
894 1484 1050 1552 inundata
1070 1492 1129 1567 cst,
1153 1505 1226 1550 oon-

185 1590 330 1655 tabulatc
351 1591 432 1655 mari
454 1590 591 1658 molibus
614 1589 834 1675 perfossisque
848 1590 1018 1670 montibus,
1043 1589 1228 1672 inquorum

186 1713 302 1779 specus
324 1695 441 1760 fretum
463 1695 638 1762 immissum
656 1701 719 1760 est.
755 1695 804 1760 Ac
826 1715 867 1762 ne
889 1701 955 1760 tam
978 1694 1076 1777 longa
1099 1693 1262 1776 quideme

186 1806 301 1879 aetate,
326 1819 407 1882 quae
430 1799 590 1864 excidium
612 1799 683 1865 eius
706 1807 818 1864 secuta
840 1805 897 1881 est,
922 1798 1102 1864 resurrexit
1136 1797 1227 1864 Alias

187 1903 291 1984 urbes,
326 1921 406 1984 quas
440 1903 583 1970 habuere
606 1903 816 1970 Macedonum
850 1924 953 1987 reges,
989 1923 1072 1968 nunc
1107 1902 1228 1968 habent

186 2006 313 2074 Parthi:
348 2007 444 2073 huius
477 2009 650 2092 vestigium
684 2030 747 2076 non
777 2009 980 2089 inveniretur,
1012 2008 1073 2074 nisi
1104 2007 1228 2072 Araxes

187 2107 289 2175 amnis
313 2111 504 2178 ostenderet.
549 2112 645 2179 Haud
668 2113 780 2198 procul
795 2113 960 2178 moenibus
976 2110 1129 2178 fluxerat:
1153 2110 1229 2176 inde

187 2215 298 2280 urbem
320 2216 420 2282 fuisse
442 2227 493 2280 XX
516 2216 628 2284 stadiis
652 2217 823 2283 distantem
847 2216 981 2283 credunt
1003 2215 1108 2299 magis
1133 2235 1228 2298 quam

187 2317 292 2384 sciunt
324 2320 464 2386 accolae.
518 2321 663 2388 Pudebat
697 2321 890 2388 Macedones
923 2327 989 2386 tam
1026 2318 1226 2405 praeclaram
1246 2330 1280 2380 10

187 2421 298 2487 urbem
319 2445 340 2488 a
363 2425 590 2491 comisabundo
612 2446 690 2510 rege
714 2425 852 2492 deletam
876 2444 955 2491 esse.
990 2425 1103 2508 Itaque
1125 2423 1230 2488 resin

187 2526 305 2591 serium
320 2547 414 2593 versa
434 2536 490 2610 est,
516 2537 548 2594 et
569 2530 805 2614 imperaverunt
828 2529 898 2612 sibi,
922 2537 957 2594 ut
980 2527 1156 2608 crederent,
1173 2527 1229 2591 illo

187 2630 386 2715 potissimum
408 2631 503 2698 modo
529 2633 630 2700 fuisse
652 2634 831 2701 delendam.
878 2633 995 2718 Ipsum,
1027 2640 1062 2696 ut
1091 2631 1277 2716 primumn

187 2743 321 2818 gravato
356 2737 510 2802 ebrietate
542 2745 682 2804 mentem
720 2739 810 2821 quies
845 2737 993 2817 reddidit,
1032 2735 1230 2820 paenituisse

187 2847 313 2905 constat
342 2847 375 2905 et
405 2840 535 2923 dixisse,
567 2842 704 2908 maiores
733 2861 856 2927 poenas
879 2841 1010 2908 Graecis
1034 2840 1149 2905 Persas
1177 2839 1230 2904 da-

189 2950 274 3009 turos
309 2945 418 3028 fuisse,
453 2947 481 3011 si
510 2947 615 3032 ipsum
644 2947 677 3012 in
709 2947 789 3012 solio
819 2947 973 3030 regiaque
1003 2944 1121 3010 Xerxis
1156 2963 1230 3008 oon-

187 3048 310 3132 spicere
330 3050 436 3116 coacti
459 3058 575 3117 essent.
622 3052 752 3117 Postero
783 3051 835 3116 die
857 3050 968 3134 Lycio,
999 3049 1129 3128 itineris,
1161 3067 1224 3130 quc
1244 3057 1280 3106 12

188 3151 354 3220 Persidem
377 3155 559 3237 intraverat,
584 3155 667 3237 duci,
693 3167 770 3219 XXX
792 3156 914 3221 talenta
937 3154 1020 3219 dono
1044 3152 1140 3217 dedit.

291 3258 376 3323 Hinc
399 3259 432 3323 in
454 3260 619 3343 regionem
642 3260 770 3326 Mediae
792 3260 925 3340 transiit,
950 3259 1004 3324 ubi
1028 3257 1229 3341 supplemen-

185 3368 251 3426 tum
275 3383 429 3429 novornm
452 3385 470 3430 e
493 3364 606 3429 Cilicia
627 3366 762 3430 militum
785 3365 929 3430 occurrit.
970 3362 1116 3428 Peditum
1139 3367 1229 3425 crant

187 3486 207 3530 v
230 3467 325 3548 milia,
350 3468 473 3552 equites
495 3469 598 3534 mille:
621 3470 763 3552 utrisque
782 3470 895 3534 Platon
910 3466 1115 3532 Atheniensis
1138 3483 1227 3549 prae-

187 3577 264 3635 erat.
310 3572 369 3638 His
393 3573 493 3658 copiis
516 3581 629 3639 auctus
653 3575 794 3640 Dareum
816 3573 965 3659 persequi
988 3571 1108 3636 statuit

629 3733 694 3787 Cae.
713 3733 785 3786 VIII.

132 3829 178 3900 24
291 3832 350 3897 Ille
373 3833 436 3898 iam
455 3833 622 3900 Ecbatana
644 3841 841 3921 pervenerat.
882 3834 985 3917 Caput
1002 3829 1127 3895 Mediae
1151 3829 1260 3892 urbsl

188 3933 286 4000 haec:
310 3956 393 4000 nunc
416 3944 524 4001 tenent
539 3935 658 4019 Parthi,
683 3957 785 4021 eaque
808 3935 930 4001 aestiva
946 3931 1114 4015 agentibus
1132 3928 1226 3994 sedes
