2976 4322
398 232 650 287 HISTORIARUM
667 231 882 286 ALEXANDBI
900 233 952 286 VII
970 235 995 285 5.
1153 231 1211 295 181

178 443 431 527 quibuscumque
456 460 540 522 aqua
563 438 683 525 portari
705 445 822 525 posset,
849 437 965 521 [iussit]
988 437 1107 504 ansuis
1122 458 1216 523 opem

179 547 271 624 ferre.
331 544 396 610 Sed
434 545 488 627 qui
524 543 788 628 intemperantius
826 542 1007 623 hauserant,
1045 543 1216 608 intercluso
1236 553 1268 603 11

182 651 296 737 spiritu
327 649 459 715 extincti
489 654 570 740 sunt,
602 647 765 730 multoque
794 648 895 712 maior
923 646 1037 711 horum
1067 665 1218 712 numerus

179 756 240 820 fuit
263 774 357 837 quam
380 753 446 817 ullo
469 753 618 818 amiserat
641 751 771 837 proelio.
796 751 839 816 At
856 751 918 832 ille,
934 750 1097 816 thoracem
1111 750 1218 816 adhue
1238 761 1270 811 16

180 859 326 924 indutus·
340 877 400 922 nec
430 863 486 922 aut
516 855 588 922 cibo
618 855 758 922 refectus
784 862 839 920 aut
861 861 946 940 potu,
978 875 1042 937 qua
1069 855 1219 920 veniebat

181 962 350 1042 exercitus,
374 961 516 1026 constitit
537 979 597 1025 nec
619 966 693 1025 ante
711 958 754 1024 ad
769 959 942 1024 curandum
958 978 1073 1044 corpus
1087 957 1220 1024 recessit

183 1088 278 1151 quam
315 1065 554 1150 praeterierant,
590 1064 644 1146 qui
682 1083 801 1146 agmen
835 1063 1016 1145 eludebant,
1056 1069 1220 1146 totamque

180 1193 253 1238 eam
276 1178 403 1237 noctem
426 1190 497 1234 oum
526 1188 644 1252 magno
674 1168 770 1234 animi
800 1175 887 1233 motu
917 1168 1079 1253 perpetuis
1102 1167 1221 1251 vigiliis

180 1277 258 1360 egit.
306 1276 376 1340 Nee
407 1281 537 1359 postero
568 1273 620 1338 die
648 1272 762 1337 laetior
791 1279 868 1352 erat,
900 1272 975 1355 quia
1002 1293 1063 1338 nec
1091 1271 1222 1355 navigia
1241 1282 1273 1332 17

179 1380 325 1446 habehat
348 1400 409 1446 nee
441 1399 522 1464 pons
555 1377 635 1460 erigi
665 1384 800 1463 poterat,
832 1377 951 1443 circum
980 1397 1106 1443 amnem
1135 1377 1221 1442 nudo
1310 1395 1316 1406 ’

183 1487 247 1552 sobo
270 1493 302 1552 et
324 1485 458 1551 materia
480 1484 619 1551 maxime
641 1483 750 1549 sterili.
799 1482 974 1548 Consilium
1000 1483 1106 1566 igitur,
1137 1482 1222 1565 quod

182 1611 280 1655 unum
313 1589 488 1655 necessitas
518 1588 706 1670 subiecerat,
731 1587 805 1652 init:
832 1593 918 1653 utres
948 1608 1043 1671 quam
1070 1587 1223 1672 plurimos

185 1693 367 1760 stramentis
389 1692 525 1758 refertos
548 1691 669 1758 dividit.
715 1691 775 1756 His
797 1691 987 1756 incubantes
1016 1698 1224 1756 transnavere
1243 1699 1275 1750 rs

161 1821 168 1874 j
184 1819 321 1879 amnem,
345 1797 460 1880 quique
482 1796 575 1882 primi
598 1796 797 1878 transierant,
821 1795 854 1860 in
873 1796 1009 1861 statione
1026 1810 1123 1876 erant,
1148 1795 1224 1860 dum

185 1903 357 1968 traicerent
372 1901 479 1970 ceteri.
511 1901 582 1966 Hoc
596 1899 694 1966 modo
710 1907 800 1968 sexto
816 1899 945 1965 demum
961 1899 1012 1964 die
1028 1899 1060 1963 in
1075 1899 1223 1964 ulteriore

182 2008 260 2092 ¹ripa
282 2013 381 2072 totum
404 2005 577 2071 exereitum
601 2005 757 2091 exposuit.

133 2111 177 2182 22
293 2111 426 2192 Iamque
451 2110 493 2174 ad
523 2109 783 2194 persequendum
808 2109 943 2174 Bessum
974 2115 1127 2174 statuerat
1156 2116 1278 2192 pro-19

180 2215 291 2301 gredi,
331 2236 402 2280 oum
437 2236 485 2296 ea,
525 2235 607 2298 quae
639 2215 672 2279 in
707 2214 880 2297 Sogdianis
914 2221 1011 2295 erant,
1050 2213 1225 2297 cognoscit.

180 2321 394 2406 ¹Spitamenes
418 2327 485 2385 erat
510 2319 593 2385 inter
622 2338 732 2386 omnes
762 2319 882 2384 amicos
912 2317 1083 2402 praecipuo
1106 2317 1226 2382 honore

189 2426 293 2490 cultus
331 2445 351 2488 a
384 2425 495 2505 Besso,
534 2423 591 2489 sed
628 2423 725 2489 nullis
762 2423 883 2488 meritis
921 2421 1054 2507 perfidia
1089 2421 1229 2504 mitigari
1247 2429 1281 2478 20

189 2535 313 2614 potest:
338 2548 418 2612 qaae
441 2535 547 2606 tamen
570 2527 633 2592 iam
655 2528 758 2594 minus
781 2527 814 2591 in
837 2547 875 2592 eo
898 2527 1002 2591 invisa
1017 2545 1086 2592 esse
1101 2525 1226 2610 poterit,

191 2633 266 2715 quia
287 2630 365 2696 nihil
388 2631 445 2696 ulli
467 2631 647 2698 nefastum
669 2632 702 2696 in
717 2631 862 2710 Bessum,
886 2628 1121 2694 interfectorem
1143 2629 1229 2711 regis

191 2737 251 2815 sni,
275 2735 452 2802 videbatur.
487 2735 611 2800 Titulus
634 2734 770 2801 facinori
793 2735 958 2819 speciosus
979 2731 1229 2818 praeferebatur,

190 2841 333 2906 vindicta
354 2840 471 2906 Darei:
503 2841 561 2905 sed
584 2839 751 2920 fortunam,
782 2861 846 2904 non
870 2840 974 2904 scelus
996 2839 1107 2903 oderat
1129 2837 1228 2902 Bessi.

190 2945 338 3028 Namque
353 2951 388 3009 11
400 2943 618 3015 Alexandrum
633 2942 751 3009 flumen
763 2943 867 3009 Oxum
883 2961 1052 3028 superasse
1068 2941 1228 3024 cognovit,
1249 2948 1280 2998 21

192 3048 432 3134 Dataphernem
455 3055 487 3113 et
510 3047 660 3128 Catenen,
684 3047 799 3130 quihus
821 3070 841 3112 a
863 3047 964 3112 Besso
987 3046 1127 3111 maxima
1150 3044 1230 3110 fides

192 3153 380 3233 habebatur,
423 3151 456 3216 in
498 3153 685 3218 societatem
719 3151 881 3234 cogitatae
910 3151 957 3215 rei
987 3149 1127 3216 asciscit.
1180 3149 1242 3212 Illi¹

193 3257 369 3344 promptius
392 3257 508 3326 adsunt
538 3277 632 3339 quam
662 3232 867 3338 rogabantur,
905 3254 1138 3340 assumptisque
1167 3263 1233 3317 VIII

187 3360 376 3431 fortissimis
399 3359 565 3426 iuvenibus
580 3359 678 3424 talem
694 3358 802 3425 dolum
816 3356 993 3424 intendunt.
1031 3357 1232 3443 Spitamenes
1250 3367 1283 3417 22

194 3465 302 3550 pergit
324 3463 367 3530 ad
390 3465 528 3560 Bessum=
546 3471 578 3528 et
600 3465 731 3531 remotis
753 3463 879 3529 arbitris
905 3463 1096 3547 comperisse
1120 3461 1165 3526 ait
1187 3481 1230 3542 se,

194 3568 339 3634 insidiari
361 3567 391 3633 ei
406 3566 634 3654 Dataphernen
658 3575 689 3632 et
705 3567 855 3648 flatenen,
879 3574 913 3631 ut
927 3567 1036 3631 vivum
1050 3564 1232 3630 Alexandro

195 3674 366 3754 traderent,
391 3673 566 3756 agitantes:
599 3693 619 3736 a
642 3679 743 3738 semet
774 3678 947 3755 occupatos
976 3671 1100 3735 vinctos
1122 3669 1232 3734 teneri.

188 3779 325 3858 Bessus,
362 3783 451 3842 tanto
488 3777 611 3857 merito,
646 3783 680 3841 ut
717 3776 878 3856 credebat,
914 3775 1083 3856 obligatus,
1120 3773 1234 3858 partim
1253 3782 1286 3833 23

198 3881 317 3965 gutiae
348 3880 424 3963 agit,
460 3880 584 3966 partim,
607 3879 720 3946 avidus
755 3878 906 3964 explendi
928 3877 1085 3962 supplicii,
1119 3875 1236 3942 adduci
