3040 4318
395 177 647 234 nrsroarnaou
664 179 879 234 nunxuunar
897 180 933 232 rv
955 182 995 232 ra.
1175 183 1216 246 73

175 391 208 448 et
238 390 405 450 aeternum
440 385 593 452 invocans
628 387 745 470 ignem,
778 393 813 451 ut
843 388 906 453 illis
940 388 1073 471 dignam
1107 395 1217 454 vetere

176 489 279 572 gloria
302 490 522 573 maiorumque
536 492 751 556 monumentis
774 492 994 557 fortitudinem
1017 493 1215 578 inspirarent.

176 595 217 657 Et
239 593 395 678 profecto,
420 595 447 661 si
471 615 535 679 qua
558 596 686 661 divinae
709 596 780 682 opis
796 596 932 680 auguria
955 596 1095 662 humana
1109 605 1216 663 mente
1236 615 1268 665 13

177 699 305 783 concipi
327 707 470 785 possent,
503 698 581 765 deos
611 707 697 766 stare
728 721 844 766 secum.
893 701 970 766 Illos
992 721 1093 786 nuper
1116 703 1219 768 Mace·

177 801 296 867 donum
330 803 445 868 animis
481 804 617 870 subitam
652 805 825 871 incussisse
859 805 1077 870 formidinem:
1113 805 1220 872 adhuc

177 905 360 990 lymphatos
384 907 461 972 ferri
484 907 612 990 agique,
641 929 730 972 arma
753 909 924 974 iacientes:
956 916 1108 993 expetere
1131 930 1221 994 prae-

178 1009 264 1075 sides
280 1011 452 1076 Persarum
474 1011 600 1095 imperii
616 1012 689 1075 deos
704 1012 830 1076 debitas
847 1032 865 1076 e
879 1013 1072 1077 vecordibus
1086 1033 1218 1096 poenas.

178 1105 248 1177 Nec
270 1113 375 1199 ipsum
397 1112 513 1179 ducem
536 1113 695 1179 saniorem
726 1133 815 1180 esse:
845 1112 965 1201 quippe
993 1115 1272 1185 11111111111114

178 1217 333 1304 praedam
354 1217 460 1298 modo,
485 1238 579 1301 quam
595 1225 769 1304 expeteret,
786 1219 970 1300 intuentem,
987 1219 1020 1283 in
1036 1219 1219 1304 perniciem,

180 1341 262 1404 quae
286 1329 360 1386 ante
382 1321 537 1407 praedam
559 1322 665 1407 posita
688 1330 783 1408 esset,
806 1323 978 1388 insumere.

286 1425 406 1491 Similis
437 1425 524 1512 apud
547 1427 742 1492 Macedones
773 1448 900 1510 quoque
931 1426 1112 1492 sollicitudo
1142 1435 1219 1510 erat,

181 1536 379 1611 noctemque,
403 1529 539 1594 velutin
555 1549 626 1594 eam
642 1530 817 1595 certamine
840 1530 955 1613 edicto,
971 1537 1058 1596 metu
1076 1539 1220 1615 egerunt.

181 1633 375 1715 Alexander,
394 1654 458 1698 non
484 1634 565 1698 alias
588 1634 693 1718 magis
724 1635 863 1716 territus,
882 1634 925 1699 ad
955 1641 1031 1701 vota
1053 1641 1085 1700 et
1107 1655 1222 1721 preces
1242 1654 1274 1705 15

182 1739 407 1806 Aristandrum
438 1739 546 1805 vocari
575 1739 672 1804 iubet
720 1741 780 1806 Ille
807 1741 839 1804 in
863 1739 1000 1805 candida
1022 1749 1124 1823 veste,
1154 1762 1223 1808 ver-

181 1849 283 1912 benas
312 1865 409 1910 manu
431 1845 627 1929 praeferens,
659 1845 763 1930 capite
792 1846 898 1910 velato
932 1846 1077 1933 praeibat
1110 1867 1224 1934 preces

182 1951 262 2034 regi,
282 1951 393 2016 Iovem
423 1951 664 2032 Minervamque
686 1949 863 2014 Victoriam
892 1951 1087 2035 propitianti.
1133 1952 1275 2024 Γ1111111

184 2055 314 2140 quidem
345 2054 501 2120 sacrificio
530 2055 591 2120 rite
624 2062 819 2140 perpetrato,
843 2055 1004 2138 reliquum
1039 2056 1140 2122 noctis
1174 2077 1224 2122 11

185 2161 362 2243 quieturus,
396 2161 429 2224 in
463 2161 703 2225 tabernaculum
737 2158 842 2224 rediit.
892 2158 957 2224 Sed
982 2179 1042 2224 nec
1080 2179 1224 2225 somnum

185 2285 300 2350 capere
323 2285 383 2330 nec
414 2265 553 2348 quietem
583 2265 649 2349 pati
679 2269 820 2348 poterat:
851 2263 945 2328 modo
969 2285 987 2329 e
1010 2261 1086 2346 iugo
1109 2265 1225 2330 montis

184 2371 287 2435 aciem
317 2371 350 2434 in
380 2371 525 2436 dextrum
548 2371 718 2434 Persarum
749 2387 848 2434 cornu
878 2367 1045 2433 demittere
1074 2369 1225 2454 agitabat,

185 2474 279 2540 modo
296 2481 385 2539 recta
407 2474 513 2538 fronte
537 2493 725 2538 concurrere
749 2472 849 2538 hosti:
873 2472 1032 2537 interdum
1055 2473 1225 2552 haesitare,

185 2603 227 2646 an
250 2580 356 2665 potius
378 2579 411 2643 in
434 2579 561 2644 laevum
590 2578 795 2661 detorqueret
816 2598 942 2660 agmen.
988 2577 1132 2642 Tandem
1156 2599 1226 2661 gra-
1245 2597 1277 2647 17

188 2691 297 2751 vatum
319 2679 418 2748 animi
445 2682 608 2747 anxietate
639 2701 754 2766 corpus
783 2681 876 2745 altior
906 2700 1034 2746 somnus
1058 2682 1225 2766 oppressit.

134 2790 177 2864 49
298 2789 427 2872 lamque
460 2789 531 2852 luce
566 2795 635 2852 crta
667 2789 766 2852 duces
800 2787 843 2852 ad
875 2786 1064 2872 accipienda
1092 2787 1228 2872 imperia

188 2899 410 2973 convenerant,
443 2891 571 2957 insolito
595 2891 679 2956 circa
708 2891 901 2976 praetorium
931 2890 1055 2956 silentio
1085 2890 1226 2956 attoniti:

188 2997 307 3081 quippe
329 2995 410 3060 alias
432 3015 597 3060 accersere
627 2994 715 3079 ipsos
746 3001 778 3060 et
808 2993 967 3058 interdum
981 3001 1155 3060 morantes
1179 3015 1228 3060 ca·
1247 3013 1280 3063 18

189 3102 309 3184 stigare
339 3107 534 3181 assueverat,
566 3107 641 3164 tuno
671 3119 711 3163 ne
741 3099 851 3163 ultimo
882 3098 1010 3182 quidem
1040 3120 1144 3164 rerum
1167 3099 1229 3164 dis-

189 3205 321 3272 crimine
345 3205 518 3270 excitatum
541 3223 612 3270 esse
635 3204 830 3268 mirabantur
853 3211 885 3268 et
917 3224 980 3267 non
1003 3223 1113 3268 somno
1143 3203 1229 3286 quie-

190 3331 289 3392 scere,
314 3311 372 3375 sed
395 3329 513 3395 pavore
536 3329 676 3374 marcere
700 3308 884 3373 credebant.
919 3309 993 3372 Non
1016 3316 1123 3373 tamen
1146 3308 1229 3389 quis·
1249 3323 1280 3374 19

190 3435 286 3498 quam
329 3433 371 3479 ex
415 3413 601 3479 custodibus
647 3413 788 3498 corporis
826 3412 944 3478 intrare
989 3413 1229 3478 tabernaculum

191 3519 348 3585 audebat:
387 3526 418 3584 11
452 3519 515 3583 iarn
544 3525 670 3603 tempus
705 3518 854 3599 instabat,
889 3539 948 3582 nec
982 3517 1073 3582 miles
1105 3516 1230 3582 iniussu

192 3625 283 3690 ducis
305 3630 362 3690 aut
384 3645 472 3689 arma
495 3644 610 3708 capere
633 3627 757 3708 poterat
779 3629 833 3686 aut
856 3622 888 3686 in
911 3621 1039 3686 ordines
1062 3621 1118 3686 ire.
1164 3621 1230 3685 Diu
1248 3636 1282 3685 20

193 3728 362 3794 Parmenio
387 3735 563 3809 cunctatus,
588 3728 694 3794 cibum
716 3736 752 3792 ut
768 3735 927 3812 caperent,
952 3727 1021 3812 ipse
1037 3727 1227 3812 pronuntiat

193 3831 323 3914 Iamque
348 3832 435 3896 exire
458 3852 590 3897 necesse
614 3839 697 3897 erat:
721 3837 796 3895 tunc
820 3831 947 3894 demum
970 3831 1065 3894 intrat
1087 3831 1230 3895 taberna-
