3040 4318
391 251 643 308 HISTORIARUM
661 249 876 306 ALEXANDRI
896 251 933 303 VI
952 251 977 305 3.
997 253 1020 302 4.
1170 249 1232 313 133

191 456 336 540 hominis,
361 457 535 525 admissus:
580 478 620 523 ne
642 477 700 524 vos
722 476 841 540 magno
864 456 973 522 labore
997 454 1135 520 credatis
1158 455 1232 520 Bes-

161 560 262 632 9sum
296 583 431 628 vacuum
464 583 598 646 regnum
631 568 867 646 occupaturum.
912 561 980 625 Nos
1010 581 1086 625 vero
1121 580 1233 644 pecca·
1254 572 1286 623 13

136 3690 177 3763 10

189 665 301 747 vimus,
336 666 461 747 milites,
498 666 525 731 si
542 719 543 722 ,
558 667 700 732 Dareum
734 667 774 731 ob
804 665 866 730 hoc
897 663 1039 744 vicimus,
1077 670 1110 728 ut
1140 683 1233 729 servo

190 769 259 834 eius
294 770 492 835 traderemus
515 769 691 854 imperium,
727 769 790 852 qui,
813 767 958 833 ultimum
988 787 1085 832 ausus
1116 768 1230 848 scelus,

189 895 301 956 regern
332 893 433 956 suum,
466 874 561 940 etiarn
592 882 744 940 externae
774 873 845 958 opis
879 879 1036 956 egentem,
1062 878 1148 936 certe
1183 871 1234 936 cui

191 999 248 1044 nos
273 979 413 1044 victores
436 978 699 1063 pepercissemus,
732 977 824 1060 quasi
854 976 1016 1061 captivum
1041 975 1075 1040 in
1097 975 1234 1041 vinculis

189 1083 309 1164 habuit,
348 1082 392 1147 ad
425 1083 579 1164 ultimum,
619 1104 659 1148 ne
696 1103 716 1146 a
761 1080 853 1147 nobis
891 1079 1074 1146 conservari
1114 1088 1232 1165 possets

189 1186 314 1251 occidit.
360 1187 455 1251 Hunc
478 1206 537 1252 vos
566 1207 705 1269 regnare
734 1183 926 1270 patiemini?
961 1205 1055 1266 quem
1085 1182 1233 1266 equidem
1254 1194 1286 1244 14

189 1289 275 1355 cruci
308 1289 441 1354 affixum
473 1290 583 1356 videre
626 1289 753 1370 festino,
789 1288 935 1354 omnibus
968 1287 1099 1370 regibus
1134 1288 1234 1370 genti-

188 1395 310 1477 busque
345 1401 377 1459 et
412 1393 514 1475 Fidei,
551 1415 646 1476 quam
681 1392 821 1473 violavit,
856 1391 986 1456 meritas
1020 1411 1141 1475 poenas
1176 1393 1234 1456 sol-

189 1499 333 1564 ventem!
370 1497 413 1562 At
436 1497 592 1579 hercules,
617 1498 644 1562 si
666 1517 741 1562 mox
764 1495 901 1561 eundem
923 1494 1117 1561 Graecorum
1139 1496 1234 1561 urbes
1255 1514 1286 1564 15

189 1609 243 1666 aut
277 1603 521 1687 Hellespontum
563 1609 689 1667 vastare
722 1601 901 1666 nuntiatum
936 1601 995 1665 crit
1031 1599 1132 1681 vobis,
1172 1620 1234 1682 quo

190 1705 298 1770 dolore
321 1705 513 1787 efficiemini,
543 1707 678 1770 Bessum
704 1704 847 1790 praemia
868 1711 994 1770 vestrae
1025 1703 1234 1788 occupavisse

189 1809 372 1876 victoriae?
416 1811 506 1875 Tunc
537 1809 579 1875 ad
608 1809 800 1895 repetendas
834 1828 886 1874 res
919 1808 1123 1889 festinabilis,
1158 1815 1235 1873 tunc

190 1935 279 1978 arma
302 1913 445 1999 sapietis.
492 1914 619 1992 Quanto
642 1921 749 1978 autem
778 1919 929 1998 praestat,
960 1911 1104 1977 territum
1126 1911 1233 1978 adhuc
1254 1929 1286 1980 16

188 2019 222 2083 ¹et
252 2018 307 2084 vix
340 2019 456 2084 mentis
491 2039 568 2084 suae
602 2025 780 2103 compotem
814 2016 1010 2101 opprimere!
1057 2016 1234 2093 Quadridui

189 2122 281 2188 nobis
312 2123 372 2189 iter
402 2130 558 2208 superest,
594 2123 648 2206 qui
680 2129 728 2187 tot
761 2121 1016 2206 proculcavimus
1050 2121 1150 2202 nives,
1187 2129 1235 2186 tot

189 2247 302 2294 amnes
338 2227 567 2312 superavimus,
602 2233 649 2292 tot
682 2227 836 2292 montium
865 2226 944 2308 iuga
976 2225 1232 2291 transcurrimus.

189 2333 262 2398 Non
284 2353 373 2398 mare
396 2329 486 2413 illud,
512 2331 597 2414 quod
621 2338 811 2396 exaestuans
835 2330 895 2395 iter
917 2329 1066 2394 fluctibus
1089 2338 1233 2414 occupat,

190 2443 300 2518 euntes
332 2455 389 2501 nos
418 2443 569 2516 moratur,
602 2455 666 2500 non
698 2433 829 2500 Oiliciae
859 2433 971 2499 fauces
1003 2440 1035 2498 et
1065 2433 1234 2516 angustiae

188 2540 370 2606 includunt:
401 2541 499 2624 plana
521 2539 627 2604 omnia
658 2546 689 2604 ct
718 2559 819 2624 prona
841 2545 922 2603 sunt.
969 2538 1006 2602 In
1029 2537 1100 2620 ipso
1123 2537 1231 2603 limine

188 2644 342 2711 victoriae
373 2653 506 2710 stamus.
552 2644 652 2708 Pauci
681 2643 777 2708 nobis·
808 2642 937 2727 fugitivi
971 2649 1002 2707 et
1034 2640 1155 2706 domini
1185 2641 1234 2706 sui
1254 2663 1286 2712 17

188 2749 411 2814 interfectores
458 2756 637 2832 supersunt.
702 2747 879 2830 Egregium
925 2746 1107 2811 mehercule
1154 2765 1234 2830 opus

189 2860 221 2918 et
243 2853 327 2918 inter
349 2853 452 2937 prima
483 2852 605 2935 gloriae
636 2860 765 2917 vestrae
796 2850 1026 2916 numerandum
1056 2849 1235 2933 posteritati

189 2957 357 3040 famaeque
380 2956 522 3038 tradetis,
554 2958 696 3022 Dareum
727 2975 853 3038 quoque
882 2954 1007 3020 hostem
1038 2951 1126 3017 finito
1158 2960 1230 3036 post

189 3069 322 3126 mortem
345 3061 430 3126 illius
457 3061 531 3126 odio
555 3057 752 3148 [parricidas]
777 3079 849 3126 esse
871 3078 929 3124 vos
952 3059 1044 3138 ultos,
1069 3057 1229 3122 neminem

190 3165 323 3250 impium
346 3164 499 3248 effugisse
522 3172 645 3229 vestras
667 3183 790 3231 manus.
815 3163 885 3228 Hoc
900 3168 1091 3247 perpetrato,
1116 3167 1233 3242 quanto
1254 3181 1287 3232 18

190 3269 320 3334 creditis
355 3269 468 3334 Persas
503 3268 763 3352 obsequentiores
798 3267 875 3348 fore,
912 3287 985 3331 cum
1020 3263 1251 3330 intellexerint

190 3392 248 3438 vos
278 3372 332 3457 pia
361 3373 447 3438 bella
477 3373 640 3458 suscipere
675 3381 706 3438 et
735 3372 828 3438 Bessi
858 3371 983 3450 sceleri,
1019 3390 1084 3434 non
1114 3368 1234 3433 nomini

190 3497 247 3542 suo
270 3476 409 3542 irasci?’

647 3584 711 3638 (lar.
731 3585 778 3638 lV.

297 3686 431 3751 Summa
460 3687 595 3752 militum
624 3687 789 3752 alacritate
819 3687 1003 3767 iubentium,
1036 3707 1267 3770 quocumquer

191 3793 299 3872 vellet,
330 3791 471 3872 duceret,
496 3792 596 3856 oratio
631 3800 767 3875 excepta
797 3798 855 3857 est.
900 3791 969 3856 Neo
1003 3811 1060 3855 rex
1093 3797 1267 3860 moratusa

190 3897 357 3983 impetum:
389 3896 545 3980 tertioque
574 3917 631 3982 per
661 3897 854 3962 Parthienen
884 3895 936 3960 die
965 3894 1007 3958 ad
1037 3892 1116 3959 fines
1145 3895 1229 3978 Hyr·
