3040 4318
385 199 636 258 HISTORIARUM
653 202 868 256 ALEXANDRI
886 203 924 255 IV
945 203 984 258 15.
1004 204 1044 258 16.
1190 202 1232 267 83

191 405 365 472 transfixus
396 415 453 475 est
498 407 569 474 Nec
599 415 655 473 aut
685 408 803 474 Persae
832 414 888 473 aut
917 407 1109 474 Macedones
1141 409 1230 474 dubi-

192 515 312 590 tavere,
343 511 419 593 quin
442 509 511 597 ipse
533 533 591 578 rex
613 517 700 578 esset
722 508 856 577 occisus.
902 511 989 595 Ergo
1012 513 1141 594 lugubri
1163 513 1229 576 ulu-
1248 527 1281 577 29

189 612 256 678 latu
280 621 312 679 et
334 614 495 680 incondito
521 615 663 696 clamore
693 615 878 698 gemituque
908 620 1007 679 totam
1037 615 1105 679 fere
1128 614 1227 680 aciem

188 716 296 783 adhuc
340 739 443 801 aequo
480 719 581 785 Marte
626 719 838 804 pugnantium
882 718 1052 784 turbavere
1097 719 1228 801 cognati

189 822 288 887 Darei
311 829 343 886 et
364 811 531 905 armigeri:
559 823 751 906 laevumque
775 841 881 904 cornu,
901 823 936 887 in
955 821 1065 906 fugam
1081 822 1225 904 effusum,

188 925 377 992 destituerat
413 946 556 992 currum:
587 947 680 1010 quem
717 947 738 990 a
775 925 888 991 dextra
924 934 1016 1011 parte
1050 925 1160 1011 stipati
1194 926 1225 990 iu

188 1029 327 1095 medium
364 1050 481 1114 agmen
518 1036 716 1115 receperunt.
775 1029 903 1095 Dicitur
939 1029 1069 1094 acinace
1115 1029 1225 1094 stricto
1245 1045 1278 1095 30

186 1135 314 1199 Dareus
352 1132 527 1224 dubitasse,
564 1155 606 1198 au
644 1134 742 1217 fugae
779 1133 920 1201 dedecus
954 1133 1088 1199 honesta
1124 1140 1225 1200 morte

186 1238 318 1303 vitaret:
356 1238 424 1320 sed,
449 1239 592 1304 eminens
619 1259 721 1320 curru,
760 1236 900 1303 nondum
937 1257 1062 1303 omnem
1095 1257 1223 1303 suorum

185 1343 288 1408 aciem
310 1343 432 1428 proelio
455 1343 665 1409 excedentem
688 1341 864 1409 destituere
888 1344 1105 1428 erubescebat,
1135 1340 1224 1406 dum·
1242 1357 1273 1407 31

185 1467 247 1530 que
271 1447 354 1512 inter
376 1467 465 1534 spem
483 1454 516 1512 et
531 1447 787 1532 desperationem
803 1447 950 1532 haesitat,
973 1448 1092 1512 sensim
1108 1447 1224 1512 Persae

185 1549 341 1616 cedebant
386 1559 418 1617 et
458 1551 645 1617 laxaverant
683 1551 821 1618 ordines.
881 1549 1066 1618 Alexander
1102 1559 1224 1617 mutato

184 1675 265 1738 equo
279 1694 317 1701 —
331 1656 450 1742 quippe
469 1657 578 1741 plures
593 1657 783 1740 fatigaverat
799 1694 839 1702 -
855 1656 1071 1722 resistentium
1086 1656 1223 1722 adversa

184 1781 241 1825 ora
263 1759 414 1842 fodiebat,
438 1761 631 1844 fugientium
653 1767 753 1843 terga.
792 1761 924 1842 Iamque
942 1781 1005 1825 non
1021 1781 1138 1846 pugna,
1163 1760 1223 1827 sed
1241 1775 1274 1824 32

182 1865 299 1931 caedes
323 1873 399 1945 erat,
424 1885 496 1930 oum
512 1867 636 1932 Dareus
657 1886 783 1949 quoque
800 1885 924 1930 currum
939 1885 1033 1931 suum
1055 1867 1088 1930 in
1111 1867 1222 1950 fugam

181 1969 287 2035 vertit.
333 1969 497 2034 Haerebat
519 1961 679 2053 in‘tergis
709 1968 900 2053 fugientium
930 1970 1038 2052 victor,
1072 1968 1130 2034 sed
1151 1990 1223 2054 pro·

181 2081 327 2157 spectum
366 2074 528 2138 oeuiorum
565 2074 666 2139 nubes
702 2074 853 2159 pulveris,
899 2094 980 2157 quae
1016 2073 1058 2138 ad
1097 2074 1221 2138 caelum

181 2177 381 2261 efferebatur,
402 2177 593 2242 abstulerat:
619 2197 695 2260 ergo
710 2177 797 2242 haud
812 2197 906 2243 secus
922 2198 1017 2260 quam
1032 2177 1063 2242 in
1080 2176 1220 2242 tenebris

180 2281 337 2360 errabant,
371 2279 413 2346 ad
447 2300 560 2345 sonum
590 2289 684 2346 notae
714 2282 804 2347 vocis
838 2288 894 2346 aut
925 2281 1053 2364 signum
1083 2282 1218 2348 subinde

180 2391 341 2450 coeuntes.
403 2384 626 2451 Exaudiebant
663 2393 771 2450 tamen
816 2385 966 2470 strepitus
1011 2386 1217 2467 habenarum,
1238 2400 1270 2450 33

178 2489 294 2573 quibus
316 2489 389 2572 equi
416 2510 540 2554 currum
570 2489 724 2556 vehentes
754 2490 929 2556 identidem
951 2491 1216 2557 verberabantur:

177 2595 260 2660 haee
283 2593 352 2659 sola
374 2592 528 2677 fugientis
550 2594 689 2677 vestigia
712 2602 848 2680 excepta
871 2602 955 2660 sunt.

620 2786 684 2839 Car.
703 2786 775 2840 XVI.

123 2900 166 2972 60
281 2908 324 2974 At
346 2907 378 2973 in
401 2909 493 2973 laevo
514 2907 722 2972 Macedonum
745 2929 843 2972 cornu
865 2945 901 2952 —
931 2909 1109 2987 Parmenio,
1133 2907 1216 2972 siout
1236 2922 1247 2970 1

176 3019 252 3078 ante
275 3023 319 3076 eat
340 3011 469 3091 dietum,
500 3011 648 3076 tuebatur
670 3050 713 3056 —
735 3010 830 3094 longe
859 3011 923 3075 alia
953 3011 1080 3075 fortuna
1102 3011 1216 3076 utrius·

177 3137 240 3199 que
262 3117 363 3201 partis
385 3133 437 3179 res
467 3115 648 3199 gerebatur.
693 3115 853 3194 Mazaeus,
878 3114 1056 3178 cumomni
1088 3135 1214 3180 suorum

173 3219 319 3302 equitatu
342 3217 547 3284 vehementer
569 3219 725 3299 invectus,
741 3219 876 3302 urgebat
899 3217 1111 3284 Macedonum
1134 3219 1212 3284 alas.

175 3323 318 3406 lamque,
327 3321 495 3388 abundans
507 3321 717 3402 multitudine,
731 3322 834 3386 aciem
846 3321 1040 3387 circumvehi
1053 3330 1211 3407 coeperat,
1231 3338 1246 3385 2

173 3448 245 3492 cum
268 3427 435 3492 Parmenio
458 3426 581 3508 equites
604 3426 751 3492 nuntiare
773 3424 862 3490 iubet
878 3425 1070 3507 Alexandro,
1094 3426 1127 3490 in
1150 3447 1212 3510 quo

172 3531 356 3596 discrimine
390 3531 453 3616 ipsi
487 3538 609 3596 essent:
648 3529 681 3594 ni
719 3536 840 3594 mature
879 3529 1109 3610 subveniretur,
1148 3551 1210 3596 non

170 3654 266 3720 posse
290 3633 360 3700 sisti
389 3635 508 3717 fugam.
554 3635 623 3698 Iam
646 3634 778 3698 multum
804 3634 875 3698 viae
905 3639 1114 3718 praeceperat
1143 3649 1245 3715 rex,3

170 3737 340 3802 imminens
364 3734 557 3822 fugientium
580 3737 688 3819 tergis,
724 3757 796 3801 cum
826 3758 846 3801 a
875 3737 1083 3802 Parmenione
1108 3737 1210 3802 tristis

169 3841 300 3907 nuntius
322 3842 417 3907 venit.
475 3841 648 3906 Refrenare
672 3861 770 3923 equos
800 3841 889 3922 iussi,
924 3839 978 3924 qui
1003 3840 1208 3921 vehebantur,

1072 3964 1104 4017 6*
