3028 4322
258 235 299 297 14
645 233 675 298 Q.
695 232 802 288 cuum
821 231 906 286 nuru

256 439 395 504 fomenta
418 438 543 523 corpori
565 437 713 516 admovit
737 437 791 502 ille
812 444 990 521 torpentem
1011 455 1095 499 nunc
1115 435 1186 516 cibi,
1209 451 1294 497 nunc

205 558 238 608 15
255 544 321 608 vini
354 545 451 609 odore
485 543 645 608 excitavit.
695 544 800 624 Atque
830 549 865 606 ut
895 541 1029 626 primum
1062 541 1177 606 mentis
1211 560 1295 606 com·

256 654 362 732 potem
401 669 472 713 esse
509 649 616 730 sensit,
662 647 757 713 modo
801 647 909 712 matris
947 665 1161 728 sororumque,
1199 644 1294 709 modo

255 759 363 818 tantae
385 752 537 818 victoriae
565 751 847 838 appropinquantis
876 750 1047 816 admonere
1076 771 1140 814 nou
1163 748 1292 814 destitit.

205 867 238 918 16
258 855 303 922 Ut
324 877 400 922 vero
423 856 688 922 medicamentum
718 876 753 921 se
776 854 902 920 diffudit
923 856 955 919 in
978 875 1085 936 venas,
1121 860 1153 919 et
1176 853 1294 919 sensim

256 967 322 1025 toto
356 981 487 1046 corpore
510 961 678 1026 salubritas
711 960 833 1046 percipi
862 959 971 1044 potuit,
1006 959 1141 1043 primum
1170 958 1294 1023 animus

159 1068 164 1075 '
255 1065 400 1148 vigorem
437 1085 538 1146 suum,
584 1062 700 1130 deinde
745 1084 860 1150 corpus
904 1083 1030 1146 quoque
1073 1062 1294 1147 expectatione

255 1169 407 1233 maturius
429 1169 644 1255 recuperavit:
676 1168 888 1254 quippepost
914 1167 1042 1232 tertium
1073 1166 1166 1247 diem,
1198 1185 1293 1248 quam

205 1284 236 1333 17
255 1273 288 1336 in
311 1272 371 1337 hoe
395 1279 479 1338 statu
501 1273 612 1354 fuerat,
640 1272 672 1336 in
697 1279 903 1357 conspectum
924 1271 1060 1336 militum
1082 1271 1179 1335 venit.
1220 1270 1294 1364 *Nec

254 1376 380 1442 avidius
401 1376 506 1462 ipsum
528 1397 639 1460 regern
671 1397 766 1458 quam
788 1375 972 1461 Philippum
1001 1375 1184 1440 intuebatur
1207 1394 1293 1439 exer-

255 1480 352 1545 eitus:
383 1469 448 1564 pro¹
463 1501 498 1546 se
521 1481 655 1564 quisque
678 1481 823 1545 dextram
854 1480 921 1544 eius
948 1479 1088 1564 amplexi
1110 1485 1218 1562 grates
1240 1476 1295 1542 ha-

254 1584 372 1650 bebant
393 1587 481 1650 velut
503 1585 662 1669 praesenti
685 1583 756 1649 deo.
803 1585 949 1665 Namque
972 1582 1059 1649 haud
1089 1583 1183 1648 facile
1207 1583 1293 1648 dictu

256 1696 313 1770 est,
344 1696 470 1773 praeter
491 1689 665 1772 ingenitam
688 1687 734 1754 illi
764 1687 853 1771 genti
884 1709 959 1772 erga
986 1708 1080 1771 reges
1104 1707 1178 1753 suos
1201 1707 1294 1752 vene-

257 1795 419 1875 rationem,
452 1801 604 1876 quantum
633 1793 726 1859 huius
756 1793 866 1876 utique
895 1790 983 1876 regis
1013 1792 1065 1858 vel
1094 1791 1294 1856 admirationi

207 1907 239 1960 18
257 1897 357 1962 dediti
390 1897 507 1962 fuerint
543 1898 594 1962 vel
631 1897 761 1962 caritate
795 1896 1005 1979 flagraverint.
1057 1897 1126 1960 lam
1159 1897 1295 1980 primum

258 2001 337 2066 nihil
371 2001 440 2066 sine
474 1997 580 2065 divina
619 2021 680 2084 ope
717 2001 852 2084 aggredi
889 1999 1073 2066 videbatur:
1111 2020 1185 2065 nam
1223 2019 1294 2066 cum

256 2110 383 2191 praesto
405 2112 490 2170 esset
512 2105 629 2188 ubique
658 2105 792 2187 fortuna,
823 2106 984 2170 temeritas
1015 2106 1047 2169 in
1071 2105 1205 2189 gloriam
1229 2125 1295 2170 ces-

207 2223 239 2274 19
258 2216 352 2274 serat.
398 2209 496 2274 Aetas
520 2228 645 2291 quoque
667 2209 724 2274 vix
745 2209 842 2274 tantis
872 2216 994 2274 matura
1023 2211 1128 2290 rebus,
1161 2209 1219 2274 sed
1241 2210 1295 2274 ab·

256 2313 341 2378 unde
364 2312 526 2378 sufficiens
548 2313 651 2378 omnia
675 2314 742 2379 eius
765 2334 861 2398 opera
884 2313 1074 2379 honestabat
1104 2320 1135 2379 et
1153 2335 1294 2396 -quae

256 2417 376 2484 leviora
398 2417 509 2482 haberi
532 2419 636 2483 solent
656 2418 850 2502 plerumque,
885 2418 1013 2482 militari
1035 2419 1173 2500 gratiora
1195 2419 1293 2500 vulgo

257 2529 329 2586 sunt
348 2522 587 2587 -exercitatio
604 2523 744 2608 corporis
760 2523 842 2588 inter
856 2524 952 2608 ipsos,
977 2524 1079 2590 cultus
1102 2524 1294 2607 habitusque

205 2642 239 2692 20
257 2627 385 2710 paulum
415 2647 433 2690 a
463 2626 587 2710 privato
616 2627 800 2709 abhorrens,
832 2629 975 2694 militaris
1004 2629 1114 2712 vigor:
1146 2629 1217 2711 quis
1239 2629 1293 2694 ille

256 2732 308 2798 vel
331 2733 450 2816 ingenii
474 2733 600 2798 dotibus
630 2735 682 2798 vel
712 2734 807 2797 animi
836 2734 966 2816 artibus,
997 2741 1033 2798 ut
1062 2735 1180 2820 pariter
1203 2755 1293 2800 carus

255 2856 293 2900 ac
315 2835 515 2900 venerandus
539 2843 631 2918 esset,
656 2836 814 2904 effecerat.

706 3029 770 3082 Cer.
789 3029 849 3082 VII.

223 3162 236 3210 1
361 3147 404 3211 At
426 3149 550 3212 Dareus
572 3147 682 3212 nuntio
713 3148 753 3213 de
782 3148 917 3214 adversa
947 3149 1121 3215 valitudine
1153 3145 1345 3220 eiusce-17

257 3259 350 3336 cepto
387 3251 557 3333 celeritate,
604 3258 753 3334 quantam
790 3270 903 3336 capere
940 3259 1006 3318 tam
1043 3275 1141 3337 grave
1178 3275 1294 3338 agmen

256 3362 388 3442 poterat
413 3355 454 3420 ad
477 3355 663 3440 Euphraten
693 3356 855 3421 contendit
884 3357 1054 3440 iunctoque
1085 3378 1123 3422 eo
1146 3359 1293 3442 pontibus

256 3460 395 3541 quinque
424 3466 532 3524 tamen
564 3459 675 3524 diebus
710 3459 833 3524 traiecit
856 3461 1039 3541 exercitum,
1071 3460 1214 3527 Ciliciam
1244 3482 1294 3527 oo-

222 3578 372 3648 acupare
404 3562 564 3630 festinans.
611 3563 679 3626 lam
710 3561 894 3628 Alexander
922 3564 1041 3629 viribus
1076 3566 1216 3650 corporis
1246 3587 1294 3630 re·

256 3667 358 3751 ceptis
388 3665 431 3730 ad
460 3665 572 3730 urbem
605 3666 697 3730 Solos
726 3674 931 3750 pervenerat:
968 3669 1057 3733 euius
1088 3669 1208 3752 potitus
1238 3667 1294 3732 du-

256 3771 357 3836 centis
386 3771 514 3835 talentis
545 3771 662 3836 multae
692 3771 820 3836 nomine
851 3773 973 3837 exactis
1003 3773 1069 3837 arei
1098 3773 1292 3858 praesidium

222 3874 391 3939 amilitum
429 3873 588 3958 imposuit.
644 3873 728 3938 Vota
765 3873 882 3939 deinde
915 3895 972 3960 pro
1007 3876 1109 3940 saluta
1144 3883 1293 3962 suscepta
