2970 4322
234 293 245 304 l
274 203 337 272 308
664 209 694 274 Q.
714 205 821 262 CURTI
840 204 926 260 RUFI

275 415 431 480 seditione
461 421 510 479 est
537 435 625 499 opus.
673 415 755 478 Nam
777 413 859 478 inter
882 432 916 478 se
951 410 1137 478 certantium
1163 407 1309 494 praemia,

225 535 255 582 17
276 521 328 602 qui
352 520 538 602 quieverint,
562 520 769 604 occupabunt.
816 517 916 584 Simul
943 521 1131 581 mementote
1153 535 1220 578 rem
1243 532 1310 577 esse

275 646 345 690 cum
379 625 518 689 civibus:
543 624 657 707 quibus
687 644 776 707 spem
805 621 927 705 gratiae
957 619 1018 684 cito
1052 619 1238 702 abrumpere
1272 615 1311 679 ad

225 742 256 792 18
275 730 394 794 bellum
432 729 525 794 civile
559 729 794 813 properantium
820 733 877 792 est.
924 726 1034 790 Altera
1071 723 1238 806 legatione,
1272 742 1310 784 an

275 831 415 916 mitigari
437 831 571 917 possint,
602 832 809 917 experiamur.
856 831 896 893 Et
930 829 1026 894 oredo
1059 827 1199 891 nondum
1228 825 1310 907 regis

276 958 406 1023 corpore
430 938 554 1022 sepulto
577 937 620 1000 ad
643 936 837 1021 praestanda
868 935 897 998 ei
920 934 1004 997 iusta
1035 932 1137 996 omnis
1167 949 1239 996 esse
1265 949 1312 994 co-

225 1057 256 1106 19
274 1043 382 1107 ituros.
411 1041 504 1118 Quod
519 1041 561 1104 ad
580 1061 629 1106 me
652 1040 773 1120 attinet,
798 1038 933 1104 reddere
956 1037 1017 1101 hoc
1039 1037 1205 1121 imperium
1230 1035 1311 1097 malo

276 1167 370 1228 quam
393 1145 677 1211 exercere-civium
697 1145 867 1226 sanguine:
892 1149 924 1207 et
948 1142 974 1206 si
996 1141 1086 1206 nulla
1108 1140 1173 1204 alia
1188 1158 1311 1204 coneor-

224 1265 258 1314 11
276 1250 348 1315 diae
371 1269 444 1334 spes
469 1257 526 1330 est,
550 1270 604 1313 oro
628 1269 817 1331 quaesoque,
842 1247 950 1329 eligite
973 1245 1147 1329 potiorem?
1186 1243 1311 1308 Obortis

276 1353 391 1419 deinde
415 1354 552 1418 lacrimis
578 1353 725 1418 diadema
755 1351 893 1416 detrahit
924 1350 1030 1434 capiti,
1054 1349 1228 1428 dexteram,
1252 1368 1312 1430 qua

276 1458 310 1522 id
332 1458 469 1538 tenebat,
500 1457 701 1543 protendens,
724 1464 768 1536 ut,
799 1456 826 1520 si
857 1455 927 1538 quis
958 1474 993 1520 se
1016 1454 1193 1536 digniorem
1223 1451 1312 1537 profi-

223 1579 254 1627 21
275 1569 401 1641 teretur,
418 1562 586 1644 acciperet,
611 1561 776 1643 Ingentem
792 1578 883 1644 spem
905 1558 1021 1623 indolis
1038 1565 1111 1623 ante
1134 1579 1206 1623 eum
1230 1557 1312 1622 diem

275 1666 381 1729 fratris
397 1665 541 1730 claritate
558 1683 749 1750 suppressae
765 1671 830 1728 tam
849 1663 1012 1728 moderata
1034 1661 1187 1728 excitavit
1203 1661 1310 1725 oratio.

276 1772 387 1852 ltaque
411 1769 514 1834 cuncti
541 1770 658 1834 instare
689 1774 870 1853 coeperunt,
893 1775 936 1848 ut,
961 1788 1041 1849 quae
1071 1767 1225 1850 agitasset
1248 1786 1312 1844 rex,

225 1891 258 1940 22
278 1875 391 1956 exequi
414 1875 522 1939 vellet.
558 1873 695 1938 Eosdem
716 1893 823 1938 rursus
846 1872 932 1955 legat
955 1872 1118 1956 petituros,
1143 1879 1176 1935 ut
1199 1870 1313 1936 Melea-

277 2000 369 2064 grum
391 1977 517 2043 tertium
541 1977 654 2043 ducem
684 1976 873 2062 acciperent.
919 1976 1015 2040 Haud
1044 1996 1139 2058 aegre
1162 1975 1196 2039 id
1219 1975 1314 2059 impe·

277 2091 392 2147 tratum
415 2089 473 2161 est,
496 2103 571 2146 nam
594 2090 626 2145 et
641 2081 800 2147 abducere
818 2082 1011 2164 Meleagrum
1028 2080 1182 2144 Perdicca
1204 2099 1313 2161 arege

278 2188 427 2270 cupiebat
450 2194 480 2251 et
502 2206 599 2250 unum
622 2186 744 2250 duobus
765 2186 920 2269 imparem
943 2185 1083 2249 futurum
1114 2203 1185 2249 esse
1209 2203 1312 2249 cense-

227 2294 341 2358 131111.
388 2291 489 2372 Igitur
526 2292 687 2372 Meleagro
722 2309 793 2353 cum
829 2288 990 2374 phalange
1028 2289 1155 2354 obviam
1185 2307 1313 2370 egresso

277 2396 427 2460 Perdicca
452 2396 591 2477 equitum
614 2402 733 2459 turmas
755 2394 947 2458 antecedens
970 2393 1115 2460 occurrit.
1140 2392 1314 2473 Utrumque

278 2521 392 2582 agmen
422 2506 530 2563 mutua
561 2499 751 2563 salutatione
781 2497 868 2562 faeta
899 2499 969 2579 coit,
996 2497 1029 2560 in
1052 2503 1251 2580 perpetuum,
1282 2503 1314 2560 ut

278 2605 519 2683 arbitrabantur,
544 2603 713 2666 concordia
736 2610 767 2667 11
789 2623 869 2686 pace
893 2601 1024 2666 firmata.

732 2795 796 2847 Onu.
816 2794 863 2846 IX.

246 2933 258 2981 1
383 2916 448 2982 Sed
462 2915 527 2980 iam
543 2915 617 2980 fatis
633 2915 885 2980 admovebantur
900 2913 1109 2979 Macedonum
1124 2914 1213 2996 genti
1228 2913 1363 2984 11111128

279 3021 395 3098 civilia,
418 3041 492 3085 nam
515 3027 546 3085 et
568 3019 757 3085 insociabile
780 3025 829 3083 est
850 3039 984 3100 regnum
1007 3025 1039 3082 et
1060 3040 1080 3084 a
1098 3018 1242 3103 pluribus
1266 3039 1317 3083 ex-

244 3126 453 3210 apetebatur.
501 3124 640 3187 Primum
664 3143 739 3206 ergo
774 3123 918 3187 collisere
941 3123 1034 3203 vires,
1059 3119 1175 3188 deinde
1198 3122 1317 3206 disper-

278 3235 457 3316 1111111111
480 3248 551 3292 oum
570 3228 713 3311 pluribus
728 3247 843 3311 corpus
871 3247 965 3310 quam
982 3227 1129 3310 capiebat
1155 3228 1317 3312 capitibus

279 3338 473 3416 onerassent,
497 3339 603 3398 111111
632 3333 773 3396 membra
796 3331 931 3396 deficere
962 3338 1144 3414 coeperunt,
1168 3330 1317 3413 quodque

278 3433 445 3522 imperium
468 3437 526 3501 sub
541 3456 604 3500 uno
628 3442 710 3500 stare
730 3436 896 3519 potuisset,
923 3435 999 3498 dum
1022 3435 1200 3519 aplnribus
1224 3436 1317 3500 susti·

245 3548 377 3620 3netur,
405 3541 476 3604 ruit.
522 3539 659 3604 Proinde
688 3539 755 3603 inre
786 3540 962 3621 meritoque
993 3539 1131 3624 populns
1154 3541 1317 3603 Romanus

278 3647 412 3711 salutem
439 3665 473 3709 se
503 3641 639 3728 principi
674 3663 730 3708 suo
765 3643 881 3708 debere
915 3643 1089 3726 profitetur,
1121 3644 1174 3726 qui
1205 3645 1316 3724 noctis,

278 3771 372 3832 quam
395 3769 496 3832 paene
528 3769 706 3832 supremam
730 3745 908 3827 habuimus,
931 3768 1049 3812 novum
1080 3747 1168 3813 sidus
1203 3748 1317 3812 illuxit.

243 3855 381 3917 4Huius
415 3853 552 3931 hercule,
583 3873 646 3915 non
677 3852 751 3914 solis
782 3859 867 3916 ortus
901 3853 1003 3916 lucem
1031 3853 1180 3934 caliganti
1215 3853 1318 3917 reddi·
