3040 4318
322 224 364 290 86
709 223 739 288 o.
760 221 867 276 oourr
887 221 973 274 0011

271 446 305 496 2ο
322 433 487 500 victoriam
520 431 674 498 nuntiant.
721 430 786 496 Sed
815 429 938 494 nullum
968 429 1030 494 hoc
1064 428 1116 494 die
1146 428 1247 493 maius
1277 428 1359 512 peri-

323 537 428 605 eulum
450 535 529 601 adiit
551 556 646 617 quam
669 535 744 599 dum
771 533 880 618 copias
903 533 1025 598 reducit
1047 532 1080 596 in
1103 539 1215 598 eastra.
1261 531 1359 597 Pauci

322 664 395 709 eum
418 649 450 707 01
472 639 672 724 incompositi
688 640 910 722 sequebantur,
926 645 1059 704 ovantes
1074 638 1215 719 victoria,
1241 637 1359 722 quippe

322 766 431 812 omnes
454 744 562 810 hostes
585 750 640 808 aut
662 743 694 806 in
717 741 827 826 fugam
843 743 962 808 effusos
981 749 1035 808 aut
1057 742 1090 806 11
1112 741 1181 808 acie
1204 742 1358 808 cecidisse

270 863 301 912 21
322 850 508 918 credebant:
544 869 616 912 cum
650 853 780 931 repente
814 869 857 912 ex
891 847 1028 912 adverso
1062 846 1210 932 apparuit
1243 865 1358 928 agmen

232 1015 238 1032 ‚
321 953 471 1037 equitum,
496 952 549 1035 qui
565 951 667 1036 primo
682 951 846 1017 inhibuere
863 971 998 1031 cursum,
1016 949 1133 1016 deinde
1148 950 1357 1015 Macedonum

320 1058 480 1144 paucitate
518 1064 689 1140 conspecta
725 1063 846 1121 turmas
884 1056 917 1120 11
960 1055 1071 1122 obvios
1110 1055 1355 1120 concitaverunt.

269 1179 302 1228 22
321 1162 404 1228 Ante
428 1161 520 1245 signa
549 1181 606 1225 rex
628 1160 704 1241 ibat,
731 1160 930 1225 dissimulato
960 1160 1063 1243 magis
1093 1160 1232 1244 periculo
1264 1179 1357 1241 quam

321 1275 438 1353 spreto.
483 1267 552 1332 Nec
575 1266 677 1332 defuit
700 1267 730 1332 ei
751 1274 906 1351 perpetua
925 1267 957 1332 in
973 1266 1077 1331 dubiis
1093 1267 1188 1331 rebus
1204 1265 1356 1331 felicitas:

268 1387 301 1437 23
319 1394 456 1456 namque
479 1371 676 1457 praesectum
699 1372 868 1454 equitatus,
899 1371 1027 1437 avidum
1058 1371 1238 1437 certaminis
1262 1377 1294 1436 01
1316 1372 1356 1436 ob

319 1478 353 1543 id
374 1478 478 1562 ipsum
500 1476 657 1542 incautius
684 1476 715 1540 iu
739 1484 948 1558 sementem,
983 1477 1077 1542 hasta
1098 1475 1270 1542 transfixit:
1295 1496 1356 1558 quo

313 1604 360 1647 ex
390 1602 472 1664 equo
502 1581 593 1666 lapso
623 1581 802 1666 proximum
835 1601 873 1646 ac
907 1581 981 1646 dein
1011 1582 1117 1666 plures
1148 1581 1263 1646 eodem
1292 1581 1355 1645 telo

267 1685 469 1772 2400110011.
516 1686 666 1751 Invasere
695 1687 838 1752 turbatos
867 1686 961 1751 amici
984 1707 1124 1769 quoque:
1155 1705 1214 1751 neo
1238 1685 1355 1750 Persae

314 1791 410 1856 inulti
434 1791 598 1871 cadebant,
631 1790 748 1875 quippe
778 1809 841 1854 non
870 1791 1038 1856 universae
1068 1789 1154 1855 acies
1177 1809 1271 1872 quam
1294 1789 1354 1855 hac

266 1908 300 1958 25
318 1893 541 1960 tumultuariae
563 1913 673 1958 manus
696 1893 917 1960 vehementius
940 1893 1039 1959 iniere
1062 1901 1232 1959 certamen.
1274 1893 1355 1957 Tan·

318 1999 391 2064 dem
417 1997 557 2088 barbari,
591 2017 662 2062 cum
692 1999 828 2063 obseura
860 1999 931 2063 luce
961 1998 1057 2062 tutior
1086 1997 1165 2081 fuga
1194 1996 1355 2064 videretur

319 2123 390 2168 esse
427 2123 522 2185 quam
559 2123 675 2187 pugna,
704 2102 857 2188 dispersis
894 2101 1074 2186 agminibus
1111 2101 1229 2167 abiere.
1275 2099 1352 2180 Rex,

318 2207 718 2292 extraordinariopericulo
742 2207 919 2288 defunctus,
942 2207 1108 2272 incolumis
1131 2227 1206 2272 suos
1228 2205 1354 2272 reduxit

319 2312 352 2376 in
374 2319 486 2378 castra.

266 2427 299 2478 26
423 2415 575 2481 Cecidere
612 2416 790 2497 Persarum,
837 2436 970 2498 quorum
1013 2435 1177 2481 numerum
1214 2409 1405 2482 1101010063
1503 2399 1504 2447 t

317 2518 407 2584 finire
440 2526 617 2604 potuerunt,
652 2519 739 2584 milia
771 2530 834 2600 XL,
873 2519 1082 2585 Macedonum
1120 2519 1223 2584 minus
1257 2541 1352 2602 quam

264 2636 297 2686 27
317 2633 381 2687 000
404 2621 575 2688 desiderati
598 2630 678 2688 sunt.
715 2621 863 2688 Ceterum
885 2623 968 2688 hano
983 2622 1147 2688 victoriam
1162 2644 1218 2689 rex
1233 2623 1352 2689 maiore

316 2749 356 2793 ex
386 2736 476 2813 parte
507 2727 614 2793 virtuti
645 2749 740 2810 quam
775 2728 918 2794 fortunae
952 2748 1028 2794 suae
1062 2729 1171 2794 debuit
1207 2729 1350 2812 [zanima

263 2843 376 2897 28101
418 2840 453 2898 ut
474 2840 577 2913 antea,
608 2833 679 2896 loco
709 2829 806 2917 110111.
851 2832 934 2923 Nam
969 2840 1001 2897 et
1033 2833 1135 2898 aciem
1161 2833 1352 2916 peritissime

314 2936 461 3002 instruxit
485 2945 516 3002 et
538 2936 775 3021 promptissime
804 2936 873 3021 ipse
903 2937 1059 3021 pugnavit
1089 2944 1120 3002 01
1142 2957 1259 3020 magno
1282 2957 1353 3001 con-

314 3042 385 3107 silio
398 3042 551 3108 iacturam
567 3041 761 3106 sarcinarum
776 3040 1136 3126 impedimentorumque
1153 3041 1349 3126 contempsit,

314 3166 387 3211 cum
409 3146 441 3210 11
471 3145 541 3231 ipsa
569 3145 638 3210 acie
668 3164 812 3209 summae
841 3143 888 3210 rei
917 3143 1041 3210 videret
1071 3165 1142 3210 esse
1172 3144 1349 3226 discrimen,

314 3249 474 3333 dubioque
500 3248 606 3314 adhue
636 3269 763 3333 pugnae
793 3256 909 3314 eventu
938 3268 996 3334 pro
1026 3249 1145 3315 victore
1176 3269 1211 3316 se
1234 3249 1350 3332 gessit:

262 3367 295 3418 29
313 3353 476 3436 perculsos
500 3352 617 3418 deinde
636 3351 773 3416 hostium
790 3351 880 3433 fudit,
898 3352 1057 3436 fugientes
1073 3389 1116 3400 -
1132 3353 1217 3435 quod
1240 3353 1272 3417 in
1294 3352 1349 3418 illo

312 3455 427 3522 ardore
450 3457 547 3522 animi
559 3457 613 3521 vix
628 3457 830 3541 credipotest
847 3494 887 3502 —
900 3456 1086 3540 prudentius
1109 3477 1204 3539 quam
1225 3455 1350 3522 avidius

262 3574 296 3625 30
313 3569 499 3645 persecutus
523 3569 579 3628 est.
625 3561 710 3627 Nam
733 3562 761 3626 si
790 3569 880 3646 parte
912 3561 1070 3645 exercitus
1099 3561 1204 3626 adhuc
1227 3561 1259 3626 in
1280 3561 1349 3627 0010

313 3672 417 3730 010110
439 3665 558 3730 1101010
590 3665 775 3730 cedentibus
806 3672 1051 3750 perseverasset,
1083 3671 1137 3730 aut
1168 3665 1262 3750 culpa
1292 3685 1350 3730 sua

312 3769 415 3834 victus
439 3778 524 3834 00001
552 3777 608 3834 aut
637 3769 741 3834 aliena
771 3769 886 3834 virtute
915 3769 1054 3835 vicisset.
1102 3769 1222 3834 Iamsi
1247 3769 1349 3835 multi·

312 3871 455 3937 tudinem
485 3871 626 3954 equitum
654 3872 884 3938 occurrentium
914 3872 1121 3954 extimuisset,
1152 3872 1265 3938 victori
1294 3880 1349 3938 aut
