2976 4322
303 191 553 246 HISTORIARUM
571 192 786 246 ALEXANDRI
804 194 868 247 VIII
887 199 911 248 9.
1065 192 1128 256 229

148 417 238 481 quoque
265 398 331 464 situs
369 399 491 465 format.
546 399 687 486 Corpora
724 421 825 483 usque
859 401 958 486 pedes
996 402 1129 467 earbaso
1149 417 1181 466 21

146 503 229 584 velant,
254 503 332 569 soleis
365 503 474 590 pedes,
506 505 612 590 oapita
642 505 747 572 linteis
777 505 929 587 vinoiunt,
960 506 1061 591 lapilli
1091 527 1131 572 ex

141 607 237 672 auribus
261 607 403 693 pendent:
433 609 565 676 braehia
596 630 721 693 quoque
756 617 787 676 et
809 609 944 676 laeertos
978 632 1054 676 auro
1082 632 1130 676 eo·

140 712 198 792 lunt,
227 713 317 794 quibus
354 713 436 780 inter
475 715 645 799 populares
678 721 733 780 aut
769 715 917 781 nobilitas
959 722 1014 780 aut
1054 735 1131 800 opes

135 817 250 882 eminent
269 817 417 903 Capillum
432 823 562 903 pectunt
581 818 709 903 saepius
725 839 821 901 quam
835 819 976 900 tondent,
992 826 1132 884 mentum
1150 834 1183 883 22

132 939 230 1006 semper
254 921 400 988 intonsum
431 930 488 1004 est,
511 922 666 1006 reliquam
697 923 759 989 oris
790 931 894 990 eutem
918 923 960 990 ad
993 924 1132 1009 speeiem

87 1019 246 1092 32levitatis
270 1035 450 1110 exaequant.
496 1027 619 1111 Regum
648 1034 755 1094 tamen
784 1029 917 1110 luxuria,
942 1049 1036 1112 quam
1070 1028 1131 1114 ipsi
1150 1042 1183 1091 23

127 1129 355 1212 magnificentiam
378 1131 563 1217 appellant,
582 1153 676 1217 snper
706 1132 845 1198 omnium
878 1133 1020 1216 gentium
1043 1133 1130 1198 vitia.

126 1233 190 1298 dun
209 1255 254 1300 ren
273 1256 303 1302 se
325 1237 358 1301 in
380 1237 506 1322 publioo
538 1237 679 1322 oonspioi
708 1237 835 1322 patitur,
859 1237 996 1303 turibula
1019 1258 1129 1320 argen-

122 1345 166 1403 tea
186 1339 297 1406 ministri
326 1341 430 1406 lerunt
460 1348 623 1425 totumque
653 1341 722 1422 iter,
745 1362 802 1426 per
825 1341 910 1426 quod
940 1341 1014 1407 feni
1038 1341 1132 1406 desti·

117 1443 201 1524 navit,
215 1443 348 1510 odon'bus
361 1447 528 1530 complent.
545 1445 652 1512 Aurea
666 1445 789 1526 leotiea,
804 1444 983 1528 margaritis
999 1445 1129 1510 oiroum·
1147 1457 1181 1508 24

113 1547 306 1631 pendentibus,
319 1549 459 1630 recubat,
483 1549 634 1615 distinata
657 1557 729 1616 sunt
751 1569 828 1614 auro
852 1556 883 1615 et
905 1569 1044 1634 purpura
1066 1571 1131 1615 ear-

113 1653 190 1733 basa,
212 1673 285 1736 quae
313 1653 440 1720 indutus
471 1661 528 1736 est,
552 1655 698 1720 leotioam
728 1661 900 1738 sequuntrn
929 1654 1042 1718 armati
1065 1676 1133 1720 oor-
1151 1666 1184 1717 25

107 1757 242 1841 ponisque
257 1758 500 1838 eustodes,intor
515 1778 594 1840 quos
609 1777 669 1816 222
683 1759 779 1824 ramis
796 1779 872 1824 aves
888 1758 1036 1844 pendent,
1053 1779 1132 1841 quas
1276 1847 1279 1853 Ι

104 1869 192 1926 oantu
213 1862 297 1928 seriis
322 1864 416 1928 rebus
440 1865 621 1948 obstrepere
653 1863 834 1930 docuerunt.
881 1863 984 1946 Regia
1006 1871 1133 1928 auratas
1152 1875 1185 1925 26

100 1967 253 2032 eolumnas
279 1967 391 2033 habet:
424 1975 507 2034 totas
538 1989 592 2034 eas
616 1969 690 2034 vitis
713 1989 790 2034 auro
821 1969 945 2034 caelata
966 1967 1133 2053 percurrit,

96 2070 269 2153 aviumque,
292 2093 423 2154 quarum
446 2073 518 2138 visu
540 2073 678 2139 maxime
709 2072 859 2156 gaudent,
883 2080 1054 2156 argenteae
1089 2072 1132 2138 ef-

91 2173 181 2258 ligies
208 2197 303 2260 opera
334 2176 542 2261 distinguunt.
589 2178 692 2261 Regia
722 2177 910 2244 adeuntibus
940 2185 1038 2263 patet,
1062 2198 1133 2243 oum
1152 2188 1185 2237 27

88 2281 238 2364 eapillum
262 2282 360 2366 pectit
383 2289 478 2364 atque
504 2290 611 2348 ornat:
639 2289 713 2348 tune
735 2302 889 2367 responsa
911 2281 1133 2365 legationibus,

83 2391 158 2450 tune
183 2385 254 2450 iura
287 2387 495 2470 popularibus
523 2386 637 2452 reddit.
683 2387 829 2472 Demptis
860 2387 955 2451 soleis
985 2385 1134 2451 odoribus

78 2487 248 2552 illinuntur
281 2489 390 2574 pedes.
421 2493 562 2557 Venatus
585 2491 740 2557 maximus
764 2491 853 2556 labor
876 2498 924 2556 est
946 2491 1068 2555 inolusa
1090 2489 1134 2556 vi·
1153 2498 1186 2548 28

73 2593 168 2658 vario
185 2593 343 2658 animalia
359 2595 440 2660 inter
451 2602 526 2661 vota
543 2602 717 2678 eantusque
732 2596 870 2680 pelleum
888 2595 995 2678 figere.
1020 2595 1134 2659 Binum
1140 2620 1161 2686 με

68 2697 262 2784 eubifflmnr
280 2699 420 2782 sagittae
437 2683 525 2791 sunl:
543 2721 621 2783 quas
646 2700 790 2766 emittunt
805 2699 925 2765 maiore
947 2699 1018 2764 nisu
1040 2719 1135 2782 quam
1185 2731 1200 2738 -
1217 2709 1257 2746 e„

66 2803 203 2883 effeetu,
231 2803 355 2888 quippe
371 2805 479 2886 telum,
505 2805 594 2870 ouius
618 2805 651 2868 in
671 2805 800 2870 levitate
822 2804 871 2870 vis
888 2804 989 2870 omnis
1012 2811 1069 2884 est,
1092 2803 1135 2866 in-

66 2907 169 2972 labili
197 2907 351 2991 pondere
377 2916 532 2974 oneratur.
573 2909 726 2975 Breviora
748 2909 861 2974 itinera
885 2927 967 2989 equo
990 2907 1132 2972 oonfioit:
1153 2925 1186 2974 29

66 3012 200 3094 ongior
226 3013 289 3077 ubi
321 3012 481 3098 expeditio
512 3021 569 3095 est,
601 2998 761 3098 elephanti
791 3013 910 3079 vehunt
940 3031 1076 3091 eurrum,
1104 3019 1136 3076 et

66 3125 237 3181 antarum
266 3118 437 3182 beluarum
460 3139 592 3203 eorpora
615 3125 682 3182 tota
705 3125 877 3200 contegunt
900 3138 987 3182 auro.
1024 3115 1071 3181 Ao
1095 3137 1135 3180 ne

69 3221 136 3284 uid
163 3219 322 3305 perditis
337 3221 477 3288 moribus
494 3221 585 3304 desit,
609 3221 728 3287 leotiois
745 3222 849 3287 aureis
868 3222 1004 3306 pelioum
1020 3221 1135 3302 longus

65 3323 131 3389 rdo
170 3324 354 3407 sequitur:
386 3333 610 3410 separatuma
640 3325 771 3408 reginae
799 3325 909 3392 ordine
941 3347 1058 3408 agmen
1088 3330 1136 3388 est

66 3436 259 3511 {quatque
290 3429 459 3494 luxuriam.
494 3429 645 3496 Feminae
669 3431 779 3514 epulas
802 3437 925 3515 parant.
960 3429 1010 3494 Ab
1033 3427 1135 3493 isdem
1155 3445 1188 3496 30

67 3555 167 3598 num
198 3533 425 3615 ministratis,
450 3533 538 3599 ouius
570 3534 714 3599 omnibus
737 3533 826 3598 Indis
849 3535 957 3616 largus
981 3541 1028 3598 est
1051 3549 1136 3596 usus.
1191 3613 1194 3622 ³

65 3660 176 3721 egem
214 3660 322 3704 mero
358 3659 531 3721 somnoque
566 3639 702 3723 sopitum
732 3638 765 3702 in
799 3638 986 3704 oubioulum·
1011 3636 1132 3722 peliees

65 3741 216 3824 serunt,
255 3743 370 3828 patrio
397 3743 534 3808 earmine
557 3743 696 3807 nostium
725 3742 916 3807 invocantes.
939 3739 1024 3806 deos.
1055 3739 1134 3816 uuis
1155 3758 1185 3806 31

66 3845 155 3911 edat
187 3847 302 3913 inter
332 3847 411 3919 haee
435 3847 512 3913 vitia
542 3867 650 3912 euram
680 3865 750 3912 esse
783 3846 982 3931 sapientiae?
1027 3845 1133 3910 Unum

1277 2649 1353 2737 ills
