3028 4322
269 244 311 309 46
658 242 688 309 Q.
707 243 816 298 CURTI
834 243 921 298 RUFI

268 451 387 517 territis
423 451 563 531 instaret,
594 449 663 534 ipse
700 449 733 514 11
769 449 956 515 altissimam
993 456 1112 516 turrem
1148 452 1304 535 ascendit,

219 567 249 618 11
270 555 391 639 ingenti
420 555 536 638 animo,
572 553 714 640 periculo
737 555 873 620 maiore:
908 555 1035 641 quippe,
1066 556 1156 640 regio
1186 557 1305 641 insigni

268 660 419 726 sturmis
453 659 650 743 fulgentibus
684 659 885 745 conspicuus,
919 680 1001 726 unus
1031 662 1203 748 praecipue
1233 663 1306 728 telis

267 764 442 849 petebatur.
488 764 530 827 Et
551 763 650 846 digna
672 783 803 848 prorsus
833 764 1019 847 spectaculo
1042 765 1158 830 edidit:
1190 767 1306 832 multos

267 869 406 934 emuris
436 873 677 952 propugnantes
708 866 801 933 hasta
829 867 995 954 transfixit,
1025 870 1180 950 quosdam
1210 871 1306 936 etiam

267 973 444 1038 comminus
459 971 566 1055 gladio
583 971 749 1056 clipeoque
765 971 919 1058 impulsos
935 973 1165 1059 praecipitavit,
1187 975 1304 1060 quippe

267 1077 371 1157 turris,
403 1097 444 1142 ex
475 1095 538 1158 qua
569 1075 750 1158 dimicabat,
783 1077 882 1142 muris
913 1077 1051 1143 hostium
1075 1081 1304 1164 propemodum

218 1181 468 1247 111111111111.
503 1181 636 1264 Iamque
660 1181 779 1246 crebris
802 1181 955 1247 arietibus
978 1203 1127 1248 saxorum
1150 1203 1304 1269 compage

268 1288 376 1352 laxata
420 1286 615 1350 munimenta
657 1284 850 1378 defecerant,
896 1294 928 1352 et
973 1287 1085 1353 classis
1133 1288 1306 1354 1111111111

267 1398 402 1477 portum,
419 1397 450 1456 11
469 1389 600 1472 quidam
615 1384 825 1456 Macedonum
841 1391 874 1455 in
888 1399 990 1458 turres
1006 1392 1144 1457 hostium
1160 1391 1304 1458 desertas

267 1503 452 1562 evaserant:
484 1515 557 1560 cum
579 1494 677 1579 Tyrii,
708 1501 755 1560 tot
785 1493 879 1560 simul
910 1495 1001 1562 malis
1031 1496 1116 1578 victi,
1148 1497 1203 1561 alii
1233 1517 1305 1582 sup·

267 1602 367 1686 pliees
390 1601 422 1665 in
437 1601 557 1685 templa
574 1599 770 1684 confugiunt,
794 1600 850 1665 alii
869 1600 992 1667 foribus
1008 1601 1134 1667 aedium
1151 1602 1305 1666 obseratis

266 1712 422 1791 occupant
451 1706 586 1770 liberum
618 1705 729 1770 mortis
759 1701 933 1785 arbitrium,
968 1705 1110 1770 nonnulli
1144 1712 1238 1770 ruunt
1272 1705 1302 1770 in

217 1825 249 1874 13
267 1811 400 1891 hostem,
428 1809 514 1875 haud
536 1809 628 1874 inulti
651 1816 757 1874 tamen
780 1809 920 1894 perituri,
945 1829 1063 1892 magna
1085 1829 1160 1895 pars
1183 1830 1305 1875 summa

265 1923 421 1980 tectorum
452 1914 624 1993 obtinebat,
661 1934 740 1978 saxa
774 1919 814 1994 et,
851 1913 1001 1996 quicquid
1031 1914 1096 1979 fors
1130 1914 1161 1979 in
1191 1933 1304 1979 manus

266 2019 408 2100 dederat,
444 2019 625 2100 ingerentes
660 2017 877 2083 subeuntibus.
933 2017 1116 2082 Alexander
1151 2018 1301 2102 exceptis,

267 2124 321 2206 qui
351 2123 383 2187 in
416 2122 535 2208 templa
569 2121 787 2204 confugerant,
824 2140 933 2186 omnes
968 2120 1101 2186 interfici
1131 2121 1302 2205 ignemque

265 2341 372 2400 tamen
394 2340 536 2400 armatus
559 2353 652 2419 opem
674 2355 694 2398 1
716 2332 766 2398 dis
795 2339 905 2418 petere
928 2332 1095 2401 sustinuit:
1131 2331 1222 2417 pueri
1244 2331 1303 2396 vir-

265 2439 419 2522 ginesque
441 2439 562 2524 templa
584 2438 833 2523 compleverant,
857 2436 916 2502 1111
940 2436 973 2500 11
995 2435 1153 2502 vestibulo
1173 2455 1302 2502 suarum

265 2543 399 2627 quisque
437 2542 565 2608 aedium
603 2541 739 2622 stabant,
785 2549 899 2625 parata
936 2525 1154 2606 saevientibus
1198 2539 1300 2605 turba.

214 2659 245 2709 15
265 2648 372 2714 Multis
396 2656 502 2713 tamen
525 2647 621 2712 saluti
645 2646 734 2712 suere
759 2646 890 2728 Sidonii,
915 2645 971 2727 qui
993 2645 1076 2710 intra
1089 2644 1301 2710 Macedonum

263 2752 424 2836 praesidia
446 2759 544 2817 erant.
590 2751 633 2816 Hi
656 2752 768 2816 urbem
791 2749 922 2833 quidem
944 2750 1026 2814 inter
1048 2749 1186 2814 victores
1208 2748 1301 2813 intra-

263 2865 383 2938 111111,
408 2857 466 2922 sed
488 2856 687 2940 cognationis
711 2877 783 2921 cum
805 2855 913 2940 Tyriis
935 2874 1093 2919 memores
1120 2891 1155 2900 -
1182 2852 1301 2938 quippe

263 2968 431 3044 utramque
470 2963 581 3026 urbem
615 2961 796 3044 Agenorem
830 2959 1012 3025 condidisse
1050 2957 1221 3025 eredebant
1259 2995 1300 3004 -

262 3067 380 3131 multos
402 3065 582 3149 Tyriorum,
615 3065 697 3130 clam
720 3071 933 3149 protegentes,
966 3063 1009 3128 ad
1039 3083 1099 3128 sua
1121 3061 1299 3148 perduxere

263 3169 401 3253 navigia,
428 3169 543 3251 quibus
567 3168 716 3234 occultati
733 3167 855 3232 Sidona
869 3167 993 3233 devecti
1010 3174 1093 3232 sunt.
1139 3177 1189 3230 XV
1211 3164 1300 3229 milia

212 3274 324 3338 161111
354 3274 438 3338 furto
470 3273 630 3338 subducta
660 3272 813 3338 saevitiae
845 3279 927 3338 sunt.
976 3273 1200 3354 Quantumque
1231 3288 1301 3334 san-

262 3378 369 3461 guinis
400 3377 506 3442 fusum
537 3377 586 3460 sit,
621 3378 672 3442 vel
704 3397 745 3442 ex
778 3376 840 3441 hoc
873 3376 1035 3441 aestimari
1066 3381 1179 3461 potest,
1215 3372 1300 3455 quod

260 3480 343 3545 intra
376 3481 569 3546 munimenta
602 3481 690 3546 urbis
725 3492 761 3546 Vl
790 3481 878 3546 milia
911 3487 1102 3545 armatorum
1139 3477 1299 3544 trucidata

210 3597 241 3646 17
261 3591 344 3650 sunt.
389 3585 492 3650 Triste
527 3584 642 3650 deinde
677 3584 894 3669 spectaculum
928 3583 1101 3649 victoribus
1135 3582 1181 3646 ira
1211 3601 1301 3667 prae-

261 3688 329 3753 buit
362 3689 466 3773 regis:
499 3700 525 3753 11
548 3688 643 3769 milia,
682 3689 714 3752 in
752 3689 866 3770 quibus
912 3687 1094 3754 occidendis
1139 3684 1300 3751 defecerat

261 3791 374 3872 rabies,
431 3793 578 3856 crucibus
623 3791 712 3856 affixi
756 3814 814 3876 per
858 3793 970 3875 ingens
1015 3791 1117 3855 litoris
1162 3789 1298 3874 spatium

213 3907 245 3958 18
262 3894 489 3979 pependerunt.
537 3895 845 3979 Carthaginiensium
874 3896 990 3978 legatis
1005 3894 1159 3981 pepercit,
1189 3893 1300 3958 addita
