3040 4318
278 188 339 253 106
665 188 696 254 Q.
716 187 824 243 CURTl
842 188 930 244 RUFI

275 393 398 459 infusa:
429 394 503 458 hinc
529 395 668 460 Dareum
698 395 794 480 prius,
826 395 901 461 dein
925 395 1065 461 Xerxem
1092 397 1240 482 Europae
1262 399 1316 463 im-

276 497 365 583 pium
401 498 547 564 intulisse
583 497 711 564 bellurn.
771 499 905 564 Excidio
950 499 1037 566 illius
1082 501 1315 586 parentandum

242 615 348 669 ‘resse
377 601 557 668 maioribus.
606 603 740 685 Iamque
774 603 900 668 barbari
931 602 1058 669 deserto
1089 604 1218 690 oppido,
1252 626 1316 688 qua

277 727 434 791 quemque
457 714 560 772 metus
584 708 709 790 agebat,
734 707 936 791 diffugerant,
962 728 1034 772 cum
1048 729 1107 773 rex
1121 709 1314 794 phalangem

276 812 357 877 nihil
382 817 548 877 cunctatus
571 809 700 877 inducit.
736 811 856 876 Multas
878 813 973 877 nrbes
997 813 1131 880 refertas
1154 815 1316 900 opulentia

276 917 367 1001 regia
389 915 504 1000 partim
536 923 785 1000 expugnaverat,
816 916 930 1000 partim
960 917 993 980 in
1015 915 1112 982 fidem
1135 925 1313 1002 acceperat,

243 1021 336 1087 3sed
369 1021 457 1085 urbis
491 1020 622 1085 divitiae
656 1019 750 1086 huius
784 1021 890 1086 vicere
924 1022 1107 1106 praeterita.
1160 1023 1198 1089 In
1232 1024 1316 1090 banc

277 1121 375 1190 totius
398 1122 539 1189 Persidis
563 1143 640 1208 opes
664 1131 894 1207 congesserant
908 1126 1053 1190 barbari:
1077 1146 1188 1190 aurum
1203 1147 1317 1210 argen-

277 1236 408 1312 tumque
432 1228 626 1294 cumulatum
650 1236 725 1310 erat,
758 1229 857 1295 vestis
880 1229 995 1312 ingens
1018 1229 1140 1313 modus,
1172 1232 1316 1316 supellex

278 1353 343 1398 non
365 1331 407 1396 ad
429 1351 531 1413 usum,
566 1331 625 1397 sed
647 1331 689 1396 ad
719 1332 965 1398 ostentationem
995 1333 1090 1401 luxus
1121 1343 1313 1420 comparata.

243 1437 391 1519 ultaque
413 1437 495 1501 inter
517 1435 605 1520 ipsos
627 1436 764 1502 victores
786 1437 870 1502 ferro
894 1436 1118 1504 dimicabatur:
1142 1459 1200 1523 pro
1223 1438 1315 1506 hoste

278 1530 354 1622 erat,
390 1539 443 1624 qui
476 1540 697 1626 pretiosiorem
730 1548 943 1626 occupaverat
976 1542 1142 1626 praedam:
1178 1550 1210 1608 et
1243 1561 1315 1607 cum

276 1645 391 1726 omnia,
422 1665 504 1728 quae
535 1644 741 1730 recipiebant,
774 1665 889 1730 capere
918 1666 981 1711 non
1007 1653 1145 1730 possent,
1177 1646 1241 1710 iam
1263 1667 1315 1712 res

243 1757 341 1816 anon
364 1749 609 1834 occupabantur,
628 1748 963 1815 sedaestirnabnntur.
989 1749 1315 1834 mabuntregien

262 1915 266 1921 .,
277 1859 393 1933 vestes,
406 1853 448 1917 ad
461 1872 496 1918 se
511 1852 644 1935 quisque
658 1859 784 1937 partem
795 1852 975 1918 trahentes:
999 1852 1141 1918 dolabris
1153 1853 1314 1939 pretiosae

277 1956 356 2022 artis
379 1975 459 2021 vasa
481 1955 675 2020 caedebant:
705 1955 786 2020 nihil
808 1975 912 2039 neque
940 1957 1094 2021 intactum
1117 1962 1187 2021 erat
1208 1975 1313 2039 neque

278 2061 437 2145 integrum
461 2059 641 2125 ferebatur:
672 2060 807 2144 abrupta
830 2059 1073 2125 simulacrorum
1095 2059 1247 2142 membra,
1278 2068 1314 2126 ut

240 2165 413 2247 equisque
436 2164 598 2244 avelleret,
623 2163 782 2229 trahebat.
827 2163 941 2247 Neque
963 2164 1099 2231 avaritia
1121 2165 1232 2246 solum,
1257 2165 1317 2231 sed

278 2269 374 2335 etiam
398 2268 569 2334 crudelitas
592 2267 625 2332 in
648 2274 744 2352 capta
763 2268 841 2333 urbe
857 2275 1005 2352 grassata
1020 2275 1085 2334 est:
1109 2288 1187 2334 auro
1203 2289 1315 2353 argen-

277 2381 374 2457 toque
411 2371 515 2436 onusti
556 2371 634 2436 vilia
678 2371 877 2455 captivorum
922 2391 1057 2457 corpora
1100 2371 1314 2455 trucidabant,

278 2477 461 2561 passimque
491 2474 576 2540 obvii
607 2475 832 2554 caedebantur,
863 2495 943 2558 quos
974 2481 1070 2540 autea
1099 2475 1236 2561 pretium
1266 2477 1315 2542 sui

244 2597 260 2648 7
279 2579 468 2645 miserabilis
484 2579 614 2645 fecerat.
651 2577 742 2642 Multi
758 2598 835 2661 ergo
850 2578 990 2644 hostium
1006 2597 1120 2644 manus
1135 2579 1316 2644 voluntaria

280 2690 382 2749 morte
401 2687 647 2768 occupaverunt,
669 2681 900 2767 pretiosissima
914 2682 1051 2750 vestium
1064 2681 1167 2748 induti
1185 2683 1316 2748 emuris

281 2787 471 2872 semetipsos
501 2807 571 2852 cum
602 2785 792 2869 coniugibus
823 2806 861 2852 ac
891 2785 1000 2852 liberis
1030 2786 1062 2851 in
1092 2805 1249 2872 praeceps
1273 2787 1316 2851 ia-

281 2892 411 2958 cientes.
458 2890 595 2967 Quidam
616 2891 720 2972 ignes,
745 2890 831 2972 quod
853 2890 950 2974 paulo
965 2897 1040 2976 post
1054 2891 1197 2955 facturus
1212 2889 1317 2955 hostis

280 2995 460 3075 videbatur,
490 2993 694 3060 subiecerant
723 2993 868 3075 aedibus,
901 3000 935 3058 ut
966 3013 1037 3058 cum
1068 2993 1134 3064 suis
1164 2993 1230 3059 vivi
1254 3013 1317 3058 ore-

245 3104 452 3169 amarentur.
497 3098 641 3164 Tandem
664 3118 739 3164 suos
761 3118 818 3163 rex
848 3099 1034 3184 corporibus
1064 3105 1096 3164 et
1119 3099 1207 3164 cultu
1229 3097 1318 3166 femi-

280 3225 392 3270 narum
415 3203 578 3272 abstinere
599 3202 702 3268 iussit.
750 3202 870 3286 Ingens
901 3201 1049 3287 captivae
1078 3203 1238 3286 pecuniae
1255 3221 1318 3266 mo

246 3327 262 3377 9
282 3308 341 3374 dus
364 3307 507 3389 traditur,
539 3327 639 3392 prope
661 3313 696 3371 ut
718 3304 813 3371 fidem
838 3305 981 3370 excedat.
1030 3305 1178 3370 ceterum
1200 3312 1255 3371 aut
1278 3305 1318 3371 de

280 3412 351 3478 aliis
375 3431 500 3495 quoque
524 3409 741 3476 dubitabimus
771 3415 826 3474 aut
857 3408 1022 3474 credemus
1052 3409 1085 3472 in
1111 3408 1207 3474 huius
1230 3408 1318 3476 urbis

281 3539 363 3601 gaza
385 3517 485 3582 fuisse
504 3526 525 3580 c
544 3523 577 3580 et
598 3525 648 3578 XX
673 3513 769 3578 milio
799 3513 970 3578 talentum:
1001 3512 1044 3578 ad
1066 3532 1147 3596 quae
1169 3512 1318 3578 vehenda

281 3660 322 3669 -
345 3640 482 3704 namque
504 3619 547 3684 ad
568 3637 646 3684 usus
668 3617 744 3683 belli
775 3636 882 3682 secum
912 3623 1040 3702 portare
1063 3616 1252 3683 decreverat
1274 3651 1318 3664 -

280 3727 421 3792 iumenta
444 3731 476 3790 et
498 3723 637 3789 camelos
660 3729 692 3787 et
714 3745 735 3786 a
759 3721 848 3788 Susis
880 3726 911 3786 et
933 3743 954 3786 a
982 3720 1149 3804 Babylone
1172 3719 1319 3786 contrahi

231 3849 264 3898 10
279 3831 383 3921 iussit.
414 3829 592 3895 Accessere
604 3827 646 3892 ad
661 3826 745 3891 hanc
756 3824 911 3910 pecuniae
927 3843 1080 3890 summam
1093 3823 1197 3908 captis
1209 3823 1320 3888 Parsa-
