2970 4322
284 188 350 254 294
679 189 709 254 Q.
729 187 837 241 OURTI
856 187 942 240 RUFI

287 397 384 460 milia
411 397 456 460 ibi
477 405 614 482 reperta,
638 419 710 459 cum
727 393 915 459 Alenander
937 419 972 460 co
995 397 1157 477 transiret,
1182 421 1203 459 a
1230 397 1327 460 comi-

286 502 372 564 tibus
388 501 479 564 illius
495 510 685 564 annotatum
704 509 765 562 est:
789 499 867 563 olim
890 499 986 584 triplo
1001 499 1113 585 plures
1127 499 1249 585 fuisse,
1271 501 1328 564 sed

288 605 370 670 inter
400 604 551 668 bellorum
583 604 694 668 turbas
724 603 908 667 martimum
939 626 1046 668 eorum
1073 615 1202 689 partem
1227 627 1328 690 prae-

284 711 379 774 dones
401 709 550 795 abepisse.
595 704 650 772 Ad
672 707 809 794 tripinta
832 707 900 772 dies
923 708 970 772 ibi
991 708 1130 772 substitit
1158 731 1227 772 rea.
1276 709 1326 774 Eo

283 811 451 899 Atropates
466 811 597 876 Mediae
612 821 747 897 satrapa
763 821 889 876 centum
908 812 1070 876 barbaras
1088 813 1239 876 mulieres
1262 814 1307 877 ad

218 989 220 995 ,
283 918 387 997 duait,
401 917 571 1002 equitandi
587 917 714 1001 peritas
732 915 891 1002 peltisque
914 926 943 980 et
963 917 1127 981 securibus
1149 927 1320 981 armatas:

283 1022 367 1086 unde
387 1021 523 1106 quidam
543 1021 748 1084 crediderant
762 1017 969 1085 Amazonum
991 1043 1031 1084 erc
1050 1031 1139 1107 pente
1161 1021 1323 1107 reliquias

275 1127 394 1212 fuisse.
434 1123 587 1210 Septimis
601 1125 716 1188 deiude
732 1125 849 1188 castris
864 1123 1038 1192 Ecbatana
1055 1125 1173 1212 attipit,
1190 1125 1323 1190 Mediae

284 1240 390 1316 caput.
430 1230 481 1292 Ibi
495 1227 661 1293 sollemnia
678 1229 744 1293 diis
758 1228 927 1311 sacrificia
942 1228 1031 1314 fecit
1049 1229 1201 1314 ludosque
1220 1230 1326 1293 edidit

283 1345 312 1398 et
335 1334 371 1396 in
393 1333 542 1396 convivia
564 1332 728 1418 festosque
751 1333 819 1397 dies
841 1333 972 1396 laxavit
995 1334 1155 1418 animum,
1185 1343 1223 1396 ut
1248 1357 1326 1398 mou

284 1438 321 1500 in
351 1459 503 1500 novorum
534 1459 664 1522 operum
694 1459 810 1501 curam
841 1447 937 1522 atque
967 1437 1149 1501 ministeria
1180 1438 1328 1502 validior

285 1541 510 1604 intenderetur.
556 1539 622 1604 Sed
645 1541 709 1604 ista
732 1540 913 1622 uoluentem,
944 1541 1028 1605 uelut
1058 1542 1179 1605 iniecta
1210 1566 1326 1625 mana,

276 1645 397 1731 fatum
428 1645 495 1708 alio
528 1645 633 1709 trauit
655 1645 821 1730 uitamque
845 1645 1014 1710 carissimo
1045 1647 1226 1710 amicorum
1257 1647 1326 1711 eius

283 1772 384 1835 neque
407 1749 505 1812 multo
524 1759 593 1834 post
615 1748 679 1835 ipsi
701 1772 823 1834 quoque
853 1751 921 1836 repi
951 1751 1090 1814 eatorsit.
1137 1751 1260 1815 Pueros
1290 1751 1327 1815 in

282 1854 391 1917 stadio
436 1862 590 1917 certantes
633 1854 808 1938 spectabat,
854 1877 929 1918 cum
972 1855 1146 1918 nuntiatur
1191 1855 1325 1936 deficere

285 1958 561 2043 Hephaestionem,
595 1958 654 2042 qui
687 1959 795 2021 morbo
824 1981 863 2022 erc
894 1959 1031 2045 crapula
1066 1969 1229 2023 contracto
1258 1982 1323 2045 sep·

283 2063 401 2126 timum
417 2061 487 2124 iam
503 2061 589 2125 diem
612 2062 807 2146 aeprotabat.
847 2061 1032 2128 Euterritus
1055 2063 1159 2127 amici
1177 2063 1324 2149 periculo

282 2167 394 2230 statim
417 2165 578 2252 consurpit
601 2175 629 2229 et
655 2166 701 2228 ad
722 2166 896 2251 hospitium
919 2167 1010 2232 illius
1033 2167 1177 2232 celeriter
1197 2170 1323 2254 perpit:

282 2293 382 2356 neque
405 2278 515 2333 tamen
530 2269 628 2353 prius
650 2291 684 2332 eo
714 2270 858 2354 pervenit
884 2293 984 2355 quam
1007 2270 1100 2334 illurn
1125 2294 1209 2335 mors
1232 2295 1321 2336 occu-

277 2384 397 2461 passet.
443 2374 483 2436 ld
505 2374 573 2458 repi
596 2374 751 2456 omnium,
781 2397 865 2459 quae
888 2376 925 2438 in
946 2376 1015 2438 uita
1042 2375 1230 2460 pertulerat,
1262 2377 1321 2439 ad-

282 2501 445 2544 uersorum
461 2477 733 2542 luctuosissimum
751 2479 908 2543 accidisse
932 2489 1051 2544 certum
1074 2480 1221 2561 babetur,
1233 2503 1322 2544 eum-

282 2607 352 2669 que,
369 2583 594 2669 magnitudine
610 2581 776 2646 dolorisin
799 2582 958 2646 lacrimas
980 2593 1009 2646 et
1031 2582 1175 2647 lamenta
1188 2585 1322 2666 victum,

283 2687 387 2751 multa
405 2687 514 2751 animi
529 2687 567 2751 de
588 2687 699 2772 prada
717 2687 832 2750 deiecti
855 2697 1047 2773 arpumenta
1071 2688 1217 2752 edidisse.
1255 2687 1323 2752 Sed

282 2816 321 2856 ea
345 2792 476 2878 quidem
498 2791 587 2854 carie
611 2791 805 2854 traduntur:
836 2791 920 2854 illud
943 2792 1027 2855 inter
1053 2814 1158 2856 omnes
1188 2802 1322 2874 constat,

282 2906 318 2959 ut
351 2918 451 2981 quam
485 2895 725 2959 decentissimas
758 2896 912 2980 eccequias
944 2896 974 2959 ei
1007 2896 1145 2976 duceret,
1183 2895 1321 2960 noluisse

283 3000 463 3063 Ecbatanis
484 2999 622 3084 sepeliri,
642 2999 696 3064 sed
712 2999 922 3085 Babylonem,
946 3020 1007 3082 quo
1029 2999 1094 3083 ipse
1119 3021 1323 3064 concessurus

285 3113 364 3185 erat,
390 3128 411 3167 a
427 3104 588 3166 Perdicca
604 3101 728 3188 deferri
745 3125 891 3166 curasse:
914 3103 1020 3187 ibique
1035 3103 1146 3187 funus
1169 3102 1323 3167 inaudito

283 3207 421 3272 antebac
443 3207 585 3292 eecemplo
608 3206 777 3270 duodecim
807 3205 965 3270 talentum
995 3206 1127 3269 milibus
1156 3206 1321 3271 locavisse.

282 3314 348 3376 Per
362 3312 548 3375 universum
572 3320 651 3374 certe
675 3311 849 3396 imperium
873 3309 976 3396 luperi
999 3331 1072 3373 eam
1095 3310 1207 3374 iussit:
1230 3319 1259 3374 et
1282 3333 1323 3376 ne

283 3416 440 3481 memoria
475 3417 543 3480 eius
573 3416 609 3478 in
638 3415 780 3478 erceroitu
814 3413 1006 3494 emolesceret,
1041 3414 1212 3498 equitibus,
1247 3415 1323 3499 quis

277 3521 482 3606 praefuerat,
509 3517 636 3583 nullum
653 3517 819 3603 proefhcit
842 3519 967 3600 ducem,
998 3517 1051 3582 sed
1075 3517 1324 3603 Hephaestionis

282 3625 375 3689 alam
392 3623 554 3710 appellari
573 3623 672 3688 ooluit
695 3633 733 3704 et,
757 3645 839 3708 quae
863 3621 917 3686 ille
940 3623 1034 3708 sipna
1057 3622 1255 3704 instituisset,
1279 3646 1320 3688 ea

282 3752 344 3793 non
374 3728 557 3791 immutari.
610 3727 776 3790 Funebria
804 3726 985 3790 certamina
1016 3725 1176 3810 ludosque,
1208 3726 1323 3811 quales

284 3855 465 3920 numquam
481 3833 561 3895 editi
575 3831 729 3916 fuissent,
753 3833 928 3895 meditatus
950 3831 1017 3895 tria
1033 3829 1201 3912 artificum
1223 3831 1323 3897 milia
