3028 4322
283 251 326 315 48
670 253 701 320 6.
722 253 829 307 ouem
847 253 934 308 eurr

283 459 467 542 Tigrimque
498 466 530 524 et
552 459 681 524 Araxen
711 467 742 524 et
771 459 949 544 Choaspen,
981 479 1098 543 magna
1127 461 1322 527 munimenta

283 564 374 647 regni
398 565 463 629 sui:
494 564 686 629 veniendum
708 564 741 628 in
764 583 902 649 campet,
933 563 988 629 ubi
1010 564 1169 648 paucitate
1193 585 1322 632 suorum

249 679 264 728 5
284 668 534 734 erubescendum
550 669 599 734 sit.
646 668 793 749 Mediam,
810 668 1015 751 Hyrcaniam,
1036 669 1152 734 Bactra
1167 677 1199 735 et
1214 670 1321 753 Indos,

283 773 402 838 Oceani
431 774 557 838 accolas
599 772 725 855 quando
755 772 914 837 aditurum
937 809 980 818 —
1005 793 1045 838 ne
1077 773 1259 856 Sogdianos
1290 783 1322 840 et

282 878 475 943 Arachosios
498 877 657 942 nominem
680 885 866 960 ceterasque
889 884 1002 960 gentes
1025 877 1068 942 ad
1090 877 1267 944 Caucasum
1290 888 1322 945 et

281 983 403 1046 Tanain
426 981 645 1066 pertinentes?
681 981 918 1048 Senescendum
940 980 1008 1046 fore
1032 989 1152 1047 tantum
1166 990 1320 1049 terrarum

248 1088 334 1151 orel
368 1087 436 1151 sine
470 1086 590 1171 proelio
626 1085 765 1150 obeunti.
810 1085 851 1151 Se
885 1105 961 1151 vero
994 1085 1037 1150 ad
1066 1086 1170 1171 ipsum
1204 1107 1320 1154 vocare

283 1191 449 1274 desineret,
475 1210 611 1272 namque
635 1191 719 1255 illius
743 1190 841 1256 exitio
865 1210 935 1256 esse
958 1197 1134 1256 venturum.

248 1306 263 1355 7
360 1295 570 1360 vAlexander
602 1295 650 1376 iis,
687 1295 741 1377 qui
774 1295 896 1359 litteras
929 1295 1108 1376 attulerant,
1146 1296 1319 1380 respondit,

282 1399 421 1464 Dareum
444 1399 505 1465 sibi
527 1399 631 1464 aliena
654 1398 836 1484 promittere
860 1404 900 1475 et,
935 1397 1021 1480 quod
1043 1406 1143 1463 1616111
1165 1400 1317 1482 amiserit,

281 1504 364 1568 velle
393 1503 512 1588 partiri.
548 1503 625 1567 Doti
648 1503 709 1568 sibi
740 1502 809 1566 dari
831 1500 976 1586 Lydiam,
1012 1503 1116 1588 Ionas,
1138 1503 1316 1586 Aeolidem,

281 1607 481 1692 Hellesponti
497 1627 592 1687 oram,
609 1606 761 1672 victoriae
778 1627 854 1671 suae
870 1607 1021 1691 praemia.
1057 1607 1162 1690 Leges
1178 1615 1283 1672 autern
1299 1630 1319 1673 a

280 1710 454 1776 victoribus
470 1711 541 1792 dici,
566 1710 670 1795 accipi
691 1709 834 1775 evictis:
858 1710 891 1774 in
906 1717 976 1774 utro
993 1717 1075 1797 statu
1091 1711 1184 1776 ambo
1201 1719 1316 1792 essent,

246 1815 309 1879 esi
332 1817 418 1880 solus
441 1815 610 1897 ignoraret,
635 1835 730 1897 quam
753 1815 888 1900 primurn
911 1815 1012 1879 Marte
1036 1815 1228 1880 decerneret.
1275 1817 1317 1882 Se

281 1917 419 2002 quidem,
452 1939 523 1983 cum
545 1919 693 1984 transiret
721 1940 817 2000 mare,
848 1939 911 1984 non
936 1919 1079 1984 Ciliciam
1102 1927 1157 1984 aut
1179 1919 1317 2004 Lydiam

281 2060 323 2070 -
346 2023 463 2107 quippe
486 2023 566 2087 tanti
588 2023 664 2088 belli
687 2023 837 2106 exiguam
867 2023 948 2088 hanc
979 2043 1049 2088 esse
1072 2023 1252 2089 mercedem
1275 2061 1317 2070 -

281 2126 338 2191 sed
372 2126 576 2211 Persepolim,
616 2135 711 2211 caput
743 2127 835 2210 regni
869 2127 946 2208 eius,
985 2128 1099 2192 Bactra
1132 2127 1249 2193 deinde
1284 2135 1316 2194 et

277 2229 443 2298 Ecbatana
472 2232 636 2313 ultimique
666 2230 803 2296 Orientis
838 2251 925 2296 eram
958 2232 1090 2317 imperio
1125 2231 1312 2298 destinasse.

282 2337 488 2418 Quocumque
518 2336 572 2400 ille
602 2337 714 2419 fugere
744 2337 908 2422 potuisset,
943 2337 1048 2421 ipsum
1082 2337 1172 2418 sequi
1201 2357 1314 2422 posse:

281 2439 439 2504 desineret
461 2447 578 2505 terrere
601 2438 792 2522 fluminibus,
817 2461 911 2523 quem
928 2441 1022 2505 sciret
1037 2441 1137 2504 maria
1152 2441 1313 2506 transisse.

246 2556 262 2606 9
383 2545 489 2627 Reges
527 2544 654 2626 quidem
692 2545 772 2609 haec
816 2545 951 2610 invicem
989 2545 1187 2629 scripserant.
1250 2543 1315 2610 Sed
1325 2540 1369 2612 22

279 2648 396 2712 Rhodii
433 2649 543 2713 urbem
581 2669 671 2713 suam
707 2656 879 2733 portusque
925 2649 1085 2714 dedebant
1122 2649 1315 2714 Alexandro

279 2753 338 2817 llle
373 2751 517 2818 Ciliciam
552 2752 675 2817 Socrati
697 2752 880 2837 tradiderat,
915 2753 1041 2818 Philota
1074 2753 1198 2836 regioni
1232 2753 1317 2818 circa

279 2858 399 2941 Tyrum
433 2857 519 2921 iusso
553 2857 743 2941 praesidere.
794 2857 929 2940 Syriam,
964 2845 1046 2940 quae
1082 2858 1177 2922 Coele
1210 2857 1317 2942 appel-

279 2963 371 3041 latur,
411 2959 635 3025 Andromacho
672 2961 838 3025 Parmenio
876 2960 1059 3042 tradiderat,
1089 2962 1183 3054 bello,
1230 2960 1317 3044 quod

230 3077 262 3126 10
281 3071 454 3149 supererat,
492 3063 705 3129 interfuturus.
761 3065 827 3129 Rex
863 3063 1101 3150 Hephaestione
1139 3065 1316 3130 Phoenices

279 3190 366 3232 oram
397 3170 499 3233 classe
530 3169 730 3252 praetervehi
763 3169 849 3233 iusso
883 3169 925 3232 ad
958 3171 1069 3235 urbem
1103 3169 1211 3235 Cazan
1245 3190 1316 3234 cum

280 3274 425 3338 omnibus
449 3273 548 3357 copiis
571 3273 666 3338 venit.

229 3389 258 3438 11
382 3376 490 3441 Isdem
519 3375 587 3442 1616
618 3377 730 3442 diebus
764 3378 915 3442 sollemne
950 3385 1019 3442 erat
1052 3377 1207 3442 ludicrum
1237 3378 1317 3442 Isth·

278 3482 421 3562 miorum,
454 3480 539 3564 quod
562 3488 719 3546 conventu
748 3481 844 3546 totius
868 3482 1021 3547 Graeciae
1044 3482 1231 3547 celebratur.
1278 3483 1315 3546 ln

279 3606 317 3650 ee
334 3585 468 3650 concilio
485 3585 607 3666 Graeci,
632 3593 667 3650 ut
683 3593 755 3650 sunt
770 3586 960 3670 temporaria
975 3586 1112 3669 ingenia,
1133 3586 1316 3671 decernunt,

278 3697 313 3753 ut
336 3700 386 3753 XV
409 3690 590 3770 legarentur
619 3687 662 3753 ad
691 3709 809 3771 regem,
842 3689 896 3771 qui
927 3691 968 3755 ob
998 3710 1049 3754 res
1073 3710 1130 3775 pro
1154 3691 1254 3755 salute
1276 3711 1315 3755 ac

279 3793 424 3857 libertate
436 3793 589 3857 Graeciae
605 3799 712 3875 gestas
729 3813 876 3857 coronam
891 3814 1019 3858 auream
1035 3793 1152 3858 donum
1163 3794 1315 3859 victoriae

229 3911 261 3960 12
280 3896 406 3960 ferrent.
454 3895 544 3960 Idem
577 3898 672 3980 paulo
702 3903 775 3960 ante
804 3896 943 3962 incertae
977 3897 1080 3962 famae
1111 3905 1316 3983 captaverant
