3028 4322
411 286 663 341 HISTORIARUM
680 283 895 338 ALEXANDRI
914 284 951 337 IV
972 285 994 335 1.
1063 289 1066 296 '
1182 283 1225 347 35

183 513 245 577 quo
282 494 403 580 accipis
440 515 582 576 regnum,
621 490 724 574 immo,
763 493 902 574 hercule,
941 499 1074 578 propter
1103 509 1224 575 quem:

184 598 315 665 Somnio
349 599 461 664 similis
487 619 539 663 res
572 597 799 681 Abdalonymo
834 596 1018 663 videbatur:
1056 597 1225 678 interdum,
1244 603 1278 656 23

183 703 302 770 satisne
336 703 405 769 sani
435 709 550 783 essent,
587 701 641 785 qui
675 707 741 767 tam
771 708 920 786 proterve
954 701 1014 767 sibi
1048 700 1225 782 illuderent,

182 808 437 892 percontabatur.
483 805 549 872 Sed
571 813 606 870 ut
628 805 789 872 cunctanti
808 806 942 888 squalor
964 805 1091 871 ablutus
1114 812 1172 886 est,
1196 812 1228 870 et

184 911 302 978 iniecta
316 911 416 977 vestis
432 932 573 997 purpura
592 930 732 994 auroque
748 909 910 992 distincta,
934 917 965 976 et
981 909 1061 976 fides
1083 932 1103 976 a
1125 909 1226 975 iuran-

182 1016 268 1082 tibus
304 1016 399 1098 facta
435 1015 518 1082 serio
550 1014 613 1080 iam
643 1035 702 1080 rex
731 1013 835 1080 isdem
866 1015 1090 1080 comitantibus
1119 1013 1152 1079 in
1181 1035 1226 1079 re·

184 1121 270 1204 giam
306 1120 462 1206 pervenit.
515 1120 614 1184 Fama
648 1119 775 1199 deinde,
809 1126 843 1184 ut
877 1120 967 1201 solet,
1004 1125 1131 1184 strenue
1159 1126 1227 1184 tota
1245 1133 1278 1185 24

183 1226 262 1290 urbe
301 1223 458 1290 discurrit.
505 1223 650 1288 Aliorum
689 1223 839 1305 studium,
875 1224 1012 1289 aliorum
1049 1223 1227 1305 indignatio

184 1328 360 1394 eminebat:
392 1328 599 1393 divitissimus
624 1328 758 1412 quisque
789 1327 1001 1393 humilitatem
1023 1327 1227 1412 inopiamque

184 1433 252 1498 eius
276 1432 363 1517 apud
385 1433 506 1498 amicos
529 1431 706 1498 Alexandri
730 1433 962 1498 criminabatur.
998 1431 1132 1496 Admitti
1155 1452 1227 1496 eum
1246 1446 1279 1496 25

183 1558 241 1602 rex
262 1537 406 1621 protinus
430 1537 522 1603 iussit
545 1537 663 1620 diuque
695 1537 936 1622 contemplatus,
964 1535 1152 1620 ‘Corporis’,
1183 1535 1228 1600 in·

184 1641 262 1724 quit,
289 1640 431 1707 ‘habitus
461 1641 567 1708 famae
598 1642 726 1725 generis
757 1661 821 1706 non
852 1648 1021 1726 repugnat,
1063 1639 1121 1705 sed
1151 1641 1232 1722 libet,

185 1746 276 1828 scire,
292 1745 433 1832 inopiam
460 1767 523 1829 qua
545 1746 699 1831 patientia
722 1745 853 1811 tuleris’.
888 1747 969 1810 Tum
987 1744 1055 1826 ille,
1069 1745 1227 1810 ‘Utinam’

184 1849 294 1932 inquit,
322 1849 449 1916 ‘eodem
472 1850 578 1915 animo
608 1871 740 1934 regnum
770 1849 837 1936 pati
859 1849 997 1935 possim!
1028 1847 1090 1915 hae
1112 1868 1226 1913 manus

186 1954 340 2020 suffecere
377 1953 536 2020 desiderio
573 1975 662 2020 meo:
700 1954 780 2019 nihil
816 1952 950 2020 habenti
987 1954 1067 2018 nihil
1105 1952 1227 2018 defuit.2

185 2059 323 2141 Magnae
353 2057 470 2124 indolis
494 2059 656 2144 specimen
680 2080 720 2124 ex
750 2059 813 2124 hoc
843 2079 988 2124 sermone
1013 2055 1228 2141 Abdalonymi
1244 2070 1278 2120 26

186 2163 279 2247 cepit.
339 2163 452 2246 Itaque
489 2184 553 2228 non
592 2163 749 2229 Stratonis
787 2163 882 2229 modo
919 2162 1040 2246 regiam
1077 2161 1226 2247 supellec·

184 2266 273 2332 tilem
303 2267 434 2332 attribui
457 2267 487 2333 ei
515 2246 617 2350 iissic,
648 2267 705 2334 sed
735 2267 888 2352 pleraque
913 2267 1009 2333 etiam
1035 2288 1076 2332 ex
1098 2265 1227 2331 Persica

186 2371 315 2455 praeda,
349 2371 515 2456 regionem
545 2392 671 2456 quoque
701 2373 771 2438 urbi
801 2371 981 2458 appositam
1011 2370 1129 2436 dicioni
1158 2370 1225 2436 eius

89 2463 91 2465 ¹
185 2475 312 2541 adiecit.

148 2586 169 2655 5
291 2581 419 2646 Interea
440 2579 606 2665 Amyntas,
640 2601 734 2664 quem
762 2580 805 2646 ad
835 2583 950 2647 Persas
980 2581 1021 2645 ab
1043 2577 1226 2645 Alexandro
1245 2592 1278 2643 27

186 2683 398 2768 transfugisse
422 2685 570 2766 diximus,
603 2705 674 2750 cum
705 2692 854 2768 quattuor
883 2685 1011 2750 milibus
1034 2684 1227 2750 Graecorum

186 2788 290 2874 ipsum
313 2811 353 2856 ex
375 2789 445 2855 acie
475 2791 650 2875 persecutis
680 2790 759 2874 fuga
782 2790 925 2876 Tripolin
947 2790 1101 2875 pervenit.
1146 2789 1226 2853 Inde

186 2892 219 2956 in
240 2913 339 2959 naves
362 2893 517 2960 militibus
540 2893 696 2979 impositis
720 2894 861 2980 prrum
882 2894 1056 2960 transmisit
1079 2901 1118 2975 et,
1154 2913 1226 2958 cum

186 2997 219 3062 in
242 2998 296 3062 illo
320 3004 404 3063 statu
426 3018 532 3063 rerum
554 2998 588 3063 id
611 3019 777 3082 quemque,
810 2999 895 3081 quod
918 3003 1115 3083 occupasset,
1140 2996 1225 3062 habi-

186 3107 291 3166 turum
314 3103 521 3168 arbitraretur
536 3104 625 3169 velut
641 3111 727 3168 certo
742 3103 810 3170 iure
826 3123 1018 3188 possessum,
1043 3102 1228 3187 Aegyptum

190 3215 301 3292 petere
324 3206 475 3288 decrevit,
506 3207 632 3290 utrique
654 3207 724 3290 regi
754 3207 856 3273 hostis
880 3215 911 3272 ct
934 3228 1060 3292 semper
1083 3226 1123 3272 ex
1144 3205 1228 3271 anei·

188 3310 246 3395 piti
269 3311 442 3376 mutatione
470 3319 649 3396 temporum
671 3311 825 3396 pendens.
872 3313 1089 3394 Hortatusque
1111 3309 1227 3374 milites
1246 3321 1280 3372 28

190 3413 231 3478 ad
254 3435 344 3500 spem
367 3421 476 3480 tantae
498 3416 546 3482 rei
569 3415 672 3498 docet,
697 3417 853 3498 Sabacen,
874 3421 1052 3500 praetorem
1075 3413 1227 3499 Aegypti,

189 3519 346 3584 cecidisse
377 3519 410 3583 in
440 3520 526 3584 acie:
561 3521 729 3586 Persarum
760 3520 954 3606 praesidium
988 3527 1020 3586 et
1049 3519 1117 3585 sinc
1147 3517 1227 3582 duce

188 3643 259 3688 csse
280 3630 312 3688 et
335 3621 519 3704 invalidum,
537 3623 726 3710 Aegyptios,
751 3645 877 3710 semper
899 3624 1096 3710 praetoribus
1119 3643 1228 3687 corum

188 3727 333 3808 infestos,
357 3747 415 3812 pro
432 3728 527 3793 sociis
546 3729 642 3814 ipsos,
665 3749 729 3793 non
752 3749 810 3814 pro
834 3728 978 3794 hostibus
993 3727 1225 3794 aestimaturos.

189 3830 307 3898 Omnia
331 3831 468 3916 experiri
491 3832 668 3898 necessitas
692 3832 842 3916 cogebat:
875 3833 992 3917 quippe
1016 3852 1087 3897 cum
1110 3830 1228 3915 primas
1246 3842 1280 3892 29

187 3955 262 4021 spes
285 3935 416 4000 fortuna
438 3934 591 4018 destituit,
616 3937 723 4001 futura
742 3936 964 4023 praesentibus
987 3935 1135 4075 videnqqr
1157 3953 1228 3999 esse
