2976 4322
344 219 596 276 ursronmuuu
613 219 829 273 Annxuunm
847 221 911 273 vm
932 222 954 273 1.
974 222 998 272 a.
1129 219 1190 284 207

158 430 307 495 Abierant
344 429 449 494 ceteri.
511 429 610 494 Clitus
647 428 774 494 ultimus
812 427 880 494 sine
917 427 1034 492 lumine
1072 426 1189 492 exibat.
1210 441 1244 492 50

157 534 254 612 Quem
276 555 342 614 reu,
375 533 519 616 quisnam
549 540 642 615 esset,
673 534 856 616 interrogat.
903 532 1071 597 Eminebat
1094 531 1190 596 etiam

154 637 183 702 in
205 659 283 704 voce
307 637 444 718 sceleris,
476 638 562 720 quod
591 636 734 722 parabat,
766 636 925 702 atrocitas.
971 636 1012 701 Et
1034 635 1096 716 ille,
1127 635 1191 699 iam
1209 651 1241 700 51

154 764 212 806 uon
236 763 321 823 suae,
346 742 404 807 sed
425 742 511 825 regis
534 742 600 807 irae
623 763 751 823 memor,
776 741 892 806 Clitum
915 761 985 806 esse
1008 748 1040 806 et
1063 740 1103 805 de
1120 760 1192 804 con-

153 846 233 911 vivio
257 847 343 911 exire
366 847 538 931 respondit.
585 845 674 912 Haeo
698 846 833 911 dicentis
863 846 945 910 latus
975 845 1069 910 hasta
1091 852 1189 909 trans-
1209 859 1243 908 52

151 950 215 1015 fixit
254 950 479 1033 morientisque
517 950 672 1034 sanguine
710 970 867 1035 aspersus,
896 951 925 1015 ‘I
948 953 1050 1031 nunc,'
1080 949 1189 1032 inquit,

149 1054 200 1119 ‘ad
222 1055 404 1140 Philippum
427 1063 458 1120 et
481 1055 723 1120 Parmenionem
746 1063 778 1120 et
800 1055 976 1120 Attaluml'

611 1248 677 1301 Gur.
696 1248 731 1301 Π.

123 1365 142 1434 6
255 1368 339 1432 Male
377 1368 522 1434 humanis
567 1366 704 1452 ingeniis
745 1375 857 1434 natura
894 1368 1059 1449 consuluit,
1106 1368 1223 1451 quodl

153 1473 333 1556 plerumque
349 1493 412 1536 non
428 1471 541 1554 futura,
556 1473 613 1538 sed
628 1480 790 1539 transacta
804 1473 1038 1558 perpendimus.
1065 1473 1190 1558 Quippe

151 1597 214 1656 rex,
253 1583 421 1660 postquam
454 1577 502 1641 ira
534 1583 639 1642 mente
674 1577 863 1658 decesserat,
903 1577 999 1642 etiam
1036 1577 1190 1642 ebrictate

155 1679 298 1744 discussa
319 1680 571 1763 magnitudinem
601 1681 752 1746 facinoris
782 1702 855 1746 sera
880 1681 1099 1746 aestimatione
1122 1702 1190 1765 per·

151 1785 264 1868 spexit.
310 1784 457 1866 Videbat,
489 1793 564 1850 tunc
590 1785 761 1852 immodica
790 1785 936 1851 libertate
959 1788 1100 1866 abusum,
1132 1785 1224 1850 seda

149 1888 267 1972 alipqui
291 1890 456 1973 egregium
479 1890 562 1955 bello
586 1890 687 1956 virum
711 1898 751 1971 et,
779 1890 840 1955 nisi
863 1892 1063 1956 erubesceret
1086 1889 1188 1971 fateri,

150 2001 343 2058 servatorem
367 1994 415 2059 sui
443 1995 591 2059 occisum.
638 1995 836 2060 Detestabile
867 1995 1022 2060 camificis
1052 1994 1190 2060 ministe-

148 2096 228 2161 rium
259 2105 472 2182 occupaverat
501 2120 566 2180 ren,
597 2098 766 2164 verborum
796 2099 966 2180 licentiam,
1002 2119 1083 2181 quae
1114 2099 1188 2165 vino

147 2209 272 2285 poterat
293 2202 450 2286 imputari,
486 2203 629 2269 nefanda
663 2204 762 2269 caede
796 2205 888 2269 ultus.
935 2205 1087 2270 Manabat
1120 2212 1223 2270 totc3

146 2305 303 2370 vestibulo
327 2327 418 2371 cruor
439 2309 536 2392 paulo
565 2316 639 2372 ante
670 2308 840 2373 convivae:
871 2308 985 2391 vigiles
1008 2308 1133 2373 attoniti
1156 2317 1188 2373 et

147 2409 346 2494 stupentibus
369 2411 488 2476 similes
516 2413 628 2496 procul
651 2413 788 2492 stabant,
817 2413 1057 2494 liberioremque
1080 2413 1188 2497 paeni-

145 2514 279 2578 tentiam
313 2514 449 2580 solitudo
483 2516 639 2581 exciebat.
696 2517 783 2600 Ergo
818 2517 942 2582 hastam
980 2539 1020 2582 ex
1055 2532 1221 2602 corporee

144 2617 280 2683 iacentis
310 2621 451 2685 evolsam
480 2621 606 2686 retorsit
636 2621 669 2686 in
698 2628 814 2686 semet:
845 2621 970 2704 iamque
1001 2621 1186 2708 admoverat

145 2722 277 2806 pectori,
308 2744 380 2788 oum
410 2724 561 2789 advolant
583 2725 697 2807 vigiles
727 2733 759 2790 et
788 2727 978 2812 repugnanti
1001 2747 1019 2791 e
1041 2726 1186 2792 manibus

144 2832 336 2908 extorquent
370 2828 603 2911 allevatumque
626 2829 658 2893 in
674 2829 913 2895 tabernaculum
936 2830 1091 2895 deferunt.
1127 2832 1185 2897 llle
1205 2845 1220 2894 5

144 2929 234 2994 humi
264 2939 479 3015 prostraverat
502 2954 624 3018 corpus
652 2935 773 3017 gemitu
803 2935 983 3016 eiulatuque
1014 2935 1186 3000 miserabili

143 3040 215 3098 tota
236 3043 426 3118 personante
449 3037 548 3119 rogia.
595 3038 729 3104 Laniare
760 3038 876 3103 deinde
907 3059 942 3104 os
973 3039 1131 3122 unguibus
1155 3047 1186 3104 et

143 3137 388 3204 circumstantes
410 3161 532 3223 rogare,
564 3162 604 3205 ne
636 3162 670 3206 se
700 3149 789 3206 tanto
813 3142 963 3207 dedecori
986 3143 1186 3228 superstitem

143 3261 219 3306 esse
242 3249 433 3326 paterentur.
473 3245 561 3309 Inter
583 3245 641 3310 bas
665 3267 776 3329 preces
799 3253 867 3311 tota
889 3267 953 3310 nox
969 3253 1112 3311 extracta
1127 3254 1184 3312 est.
1205 3261 1220 3311 6

143 3345 419 3429 Scrutantemque‚
450 3369 525 3412 num
547 3348 595 3413 ira
618 3349 748 3414 deorum
774 3350 961 3415 adtentum
983 3351 1074 3416 nefas
1097 3358 1187 3416 actus

142 3456 240 3530 esset,
272 3450 356 3515 subit
386 3451 636 3517 anniversarium
660 3453 847 3519 sacrificium
870 3455 983 3521 Libero
1007 3456 1094 3520 Patri
1123 3477 1187 3520 non

142 3572 218 3618 esse
248 3553 406 3619 redditum
437 3563 554 3621 statuto
584 3564 743 3642 tempore:
774 3558 882 3641 itaque
911 3558 993 3623 inter
1022 3559 1130 3624 vinum
1156 3566 1188 3624 et

142 3657 258 3741 epulas
295 3658 395 3724 caede
429 3660 599 3725 commissa
632 3661 712 3726 iram
751 3661 803 3726 dei
840 3661 938 3727 fuisse
975 3662 1186 3728 manifestam.

141 3760 296 3826 Ceterum
318 3763 421 3846 magis
445 3785 483 3829 eo
513 3766 708 3846 movebatur,
740 3767 824 3848 quod
855 3767 993 3831 omnium
1015 3767 1188 3832 amicorum
1207 3782 1222 3830 7

141 3863 271 3931 animos
301 3865 432 3931 videbat
462 3867 629 3934 attonitos:
664 3870 822 3935 neminem
856 3889 927 3935 oum
960 3869 1030 3954 ipso
1064 3869 1186 3936 sociare
