3040 4318
423 205 675 261 HISTORIARUM
692 204 908 260 ALEXANDRI
925 205 950 258 V
970 207 1010 257 11.
1030 205 1070 257 12.
1209 205 1269 267 117

231 407 343 492 perfidi
365 410 502 477 hominis
524 412 668 494 insidias,
697 413 761 477 iam
784 410 961 478 Alexandri
984 430 1062 496 opes
1084 410 1269 496 spectantis,

229 514 402 598 prudenter
424 524 579 600 cauteque
602 517 742 582 vitasset.
779 517 907 582 Donum
929 536 1003 582 eum
1024 515 1110 580 hosti
1132 515 1269 580 laturum

230 617 330 686 fuisse
353 620 441 703 regis
464 628 568 707 capnt.
609 622 677 687 Nee
700 621 819 702 mirari,
842 621 1004 688 hominem
1026 620 1175 686 mercede
1197 640 1269 686 con·
1287 629 1304 679 2

230 724 359 790 ductum
381 725 488 790 omnia
513 726 635 792 habere
657 727 801 792 venalia:
832 726 902 792 sine
924 724 1069 811 pignore,
1101 725 1170 790 sine
1192 725 1268 807 lare,

230 835 383 894 terrarum
421 830 507 897 orbis
540 831 677 913 exulem,
716 831 888 916 ancipitem
921 831 1047 896 hostem
1084 830 1126 896 ad
1159 838 1270 896 nutum

229 933 393 999 licentium
431 934 635 1000 circumferri.
697 936 853 1019 Purganti
898 934 1015 1000 deinde
1056 955 1091 1000 so
1128 935 1304 1018 deosque3

228 1037 347 1122 patrios
369 1043 469 1105 testes
491 1039 567 1105 fidei
590 1060 668 1106 suae
690 1039 853 1105 invocanti
868 1040 992 1104 Dareus
1008 1039 1098 1105 vultu
1120 1039 1270 1106 assentie-

228 1142 330 1223 batur,
361 1142 450 1208 haud
479 1143 604 1226 dubius,
636 1145 713 1227 quin
742 1165 820 1210 vera
850 1143 1050 1210 deferrentur
1076 1165 1097 1208 a
1119 1143 1268 1210 Graecis:

229 1245 287 1310 sed
309 1265 347 1311 eo
376 1267 481 1313 rerum
510 1255 641 1314 ventum
672 1255 748 1329 erat,
780 1255 815 1312 ut
843 1255 910 1313 tam
940 1247 1154 1333 periculosum
1184 1256 1270 1315 esset

228 1370 293 1416 non
309 1351 438 1416 credere
461 1351 527 1418 suis
551 1373 646 1435 quam
669 1353 782 1437 decipi.
818 1363 894 1416 xxx
912 1352 1001 1418 milia
1016 1360 1115 1434 erant,
1137 1366 1304 1435 quorum4

228 1455 383 1521 inclinata
405 1457 439 1521 in
466 1457 570 1523 scelus
601 1457 715 1522 levitas
744 1458 925 1539 timebatur,
963 1469 1017 1522 1111
1038 1458 1129 1523 milia
1150 1459 1269 1524 Patron

229 1559 386 1626 habebat:
417 1561 532 1644 quibus
560 1561 587 1628 si
617 1561 807 1628 credidisset
837 1562 972 1628 salutem
1003 1582 1094 1627 suam
1117 1561 1269 1628 damnata

228 1665 428 1750 popularium
450 1663 522 1747 fide,
546 1665 719 1752 parricidio
743 1667 981 1732 excusationem
996 1665 1128 1732 videbat
1150 1666 1266 1732 offerri.

228 1769 339 1851 ltaque
362 1770 573 1854 praeoptabat
607 1769 764 1836 immerito
788 1791 883 1853 quam
906 1771 974 1836 iure
1000 1770 1121 1836 violari.
1168 1772 1302 1836 Bessos

217 1878 335 1938 ,tamen
349 1873 538 1939 insidiarum
553 1874 722 1940 consilium
737 1875 889 1959 purganti
904 1875 1076 1959 respondit,
1093 1873 1268 1939 Alexandri

229 1976 290 2042 sibi
311 1997 375 2042 non
398 1977 502 2044 minus
524 1979 678 2044 iustitiam
694 1999 789 2062 quam
805 1981 953 2045 virtutem
969 1999 1040 2045 esse
1056 1987 1265 2064 perspectam.
1300 2045 1301 2050 ,

229 2078 312 2146 Falli
335 2101 398 2163 eos,
430 2083 485 2165 qui
513 2082 702 2168 proditionis
732 2084 773 2150 ab
804 2103 842 2150 eo
873 2083 1048 2168 praemium
1079 2090 1267 2169 expectent:

228 2185 367 2251 violatae
400 2185 478 2252 fidei
510 2187 670 2253 neminem
702 2188 857 2254 acriorem
890 2188 960 2254 fore
992 2188 1152 2253 vindicem
1190 2187 1268 2253 ulto·

232 2309 370 2373 remque.
406 2290 539 2373 Iamque
561 2312 625 2357 nox
640 2292 821 2377 appetebat,
846 2311 918 2357 cum
932 2291 1050 2358 Persae
1072 2313 1160 2358 more
1176 2292 1269 2357 solito
1286 2309 1303 2359 6

232 2395 329 2460 armis
358 2395 471 2480 positis
501 2395 544 2460 ad
572 2396 754 2461 necessaria
784 2416 825 2461 ex
855 2397 1000 2481 proximo
1030 2397 1102 2461 vico
1136 2397 1270 2462 ferenda

231 2497 421 2564 discurrunt.
467 2497 509 2564 At
532 2499 702 2580 Bactriani,
734 2507 769 2564 nt
798 2501 987 2584 imperatum
1016 2522 1037 2565 a
1059 2500 1160 2566 Besso
1191 2507 1267 2581 erat,

177 2604 221 2677 33
231 2602 343 2668 armati
377 2603 513 2668 stabant.
559 2604 645 2669 Inter
674 2605 756 2669 haee
787 2603 912 2670 Dareus
943 2604 1137 2669 Artabazum
1171 2605 1303 2670 accinit

229 2707 325 2788 iubet,
350 2707 575 2793 expositisque,
600 2729 681 2791 quae
696 2709 814 2773 Patron
829 2708 995 2790 detulerat,
1020 2709 1108 2774 haud
1123 2709 1270 2774 dubitare

229 2811 416 2893 Artabazus,
440 2812 517 2895 quin
538 2812 766 2878 transeundum
785 2820 870 2878 esset
888 2813 921 2878 in
937 2821 1042 2878 castra
1058 2814 1268 2879 Graecorum:

229 2915 344 2981 Persas
367 2936 492 2999 quoque
521 2917 665 3001 periculo
695 2918 831 3000 vulgato
861 2924 1034 2984 secuturos.
1080 2918 1303 2984 Destinatuss

229 3019 306 3084 sorti
328 3040 406 3086 suae
429 3027 461 3086 et
483 3020 547 3086 iam
571 3021 689 3087 nullius
706 3021 842 3087 salubris
858 3021 983 3087 consilii
999 3021 1125 3106 patiens
1141 3023 1268 3088 unicam

228 3123 263 3189 in
284 3123 341 3188 illa
363 3124 492 3190 femena
514 3145 607 3210 opem
630 3125 831 3207 Artabazum,
855 3126 1000 3190 ultimum
1022 3126 1112 3191 illum
1132 3127 1267 3208 risurus,

229 3228 432 3313 amplectitur
468 3229 683 3314 perfususque
719 3230 836 3295 mutuis
874 3231 1015 3295 lacrimis
1049 3231 1268 3296 inhaerentem

229 3331 290 3396 sibi
311 3332 409 3398 avelli
432 3332 538 3398 iubet:
563 3333 670 3417 capite
693 3332 809 3398 deinde
831 3334 946 3415 velato,
971 3355 1012 3398 ne
1034 3333 1117 3400 inter
1132 3334 1268 3417 gemitus

229 3435 461 3520 digredientem
491 3438 579 3502 velut
607 3459 628 3502 a
657 3457 736 3520 rogo
766 3438 948 3518 intueretur,
979 3439 1012 3503 in
1041 3438 1173 3503 humum
1199 3460 1269 3523 pro·

229 3561 304 3606 num
327 3559 443 3625 eorpus
466 3538 593 3606 abiecit.
639 3542 720 3606 Tum
742 3561 818 3607 vero
849 3542 1014 3608 custodiae
1041 3541 1109 3607 eius
1139 3542 1303 3623 assuetis

229 3663 307 3725 quos
329 3642 416 3727 regis
439 3645 574 3710 salutem
603 3645 655 3710 vel
684 3645 835 3729 periculis
865 3645 951 3710 vitae
981 3645 1063 3710 tueri
1093 3646 1267 3730 oportebat,

228 3746 345 3832 dilapsi
368 3755 441 3814 sunt
462 3755 579 3830 tamen,
602 3750 741 3831 armatis,
773 3769 852 3832 quos
876 3750 941 3814 iam
963 3749 1138 3814 adventare
1161 3749 1268 3842 erede·

228 3851 312 3934 bant,
352 3853 440 3918 haud
472 3854 533 3918 rati
567 3874 602 3920 se
639 3854 763 3920 futuros
800 3874 904 3938 pares.
961 3853 1082 3937 Ingens
1120 3874 1197 3936 ergo
1234 3854 1268 3918 in
