3028 4322
145 1825 160 1894 l

493 883 542 986 Q.
576 883 751 969 OURTI
781 883 918 968 RUFI

582 1057 835 1113 HISTORIARUM

303 1197 798 1300 ALEXANDRI
845 1195 1111 1296 MAGNI

551 1386 862 1452 Mxosoouls

618 1543 727 1598 ursus
745 1544 793 1596 111.

656 1659 721 1754 Onu.
741 1701 761 1752 I.

292 1823 381 1886 Inter
411 1823 490 1886 haeo
514 1821 696 1887 Alexander
726 1821 767 1886 ad
799 1819 1041 1886 conducendum
1072 1842 1112 1886 ex
1138 1819 1260 1886 Pelo-1

190 1945 333 2009 ponneso
364 1927 496 1991 militem
527 1925 684 1990 Cleandro
715 1946 787 1991 cum
817 1926 953 2011 pecunia
982 1925 1081 1991 misso
1108 1925 1229 2009 Lyciae

189 2027 465 2116 Pamphyliaeque
501 2031 597 2096 rebus
634 2031 818 2117 compositis
852 2030 894 2095 ad
930 2031 1041 2096 urbem
1073 2029 1229 2096 Celaenas

190 2136 365 2201 exereitum
387 2135 541 2202 admovit.
586 2135 695 2201 Media
724 2135 780 2200 illa
809 2141 1001 2221 tempestate
1031 2129 1159 2201 moenia
1184 2135 1264 2199 in-2

89 2247 93 2256 ’
190 2239 358 2306 terfluebat
388 2241 535 2326 Marsyas
565 2240 678 2320 amnis,
709 2240 864 2307 fabulosis
895 2239 1089 2306 Graecorum
1120 2239 1230 2304 carmi·

189 2343 286 2410 nibus
308 2345 448 2410 inclitus.
493 2346 579 2410 Fons
603 2341 672 2410 eius
695 2366 736 2410 ex
766 2365 890 2411 summo
920 2345 1036 2410 montis
1066 2344 1264 2409 cacumine3.

191 2471 363 2534 excurrens
384 2451 417 2516 in
434 2451 615 2517 'subiectam
638 2458 762 2536 petram
784 2471 902 2535 magno
925 2451 1059 2537 strepitu
1076 2471 1231 2534 aquarum

192 2555 296 2620 eadit:
319 2555 394 2620 inde
417 2555 552 2620 diffusus
575 2555 796 2622 circumiectos
818 2556 903 2639 rigat
926 2576 1067 2641 campos,
1091 2555 1231 2637 liquidus

192 2666 225 2724 et
258 2680 333 2725 suas
367 2658 533 2725 dumtaxat
566 2660 670 2726 undas
703 2659 854 2726 trahens:
890 2659 1005 2743 Itaque
1040 2659 1127 2725 color
1161 2659 1265 2725 eiust

192 2764 320 2849 placido
350 2764 430 2828 mari
461 2763 575 2830 similis
604 2766 711 2830 locum
741 2772 907 2848 poetarum
936 2765 1103 2830 mendacio
1137 2764 1231 2830 feeit:

193 2869 313 2953 quippe
335 2863 486 2932 traditum
509 2874 566 2950 est,
589 2867 768 2953 Nymphas,
799 2889 906 2934 amore
942 2869 1045 2934 amnis
1082 2873 1231 2948 retentae,

192 2973 304 3038 inille
326 2992 405 3058 rupe
429 2972 603 3038 considere.
651 2973 802 3038 Oeterum
833 2973 985 3056 quamdiu
1014 2974 1097 3037 intra
1126 2981 1266 3038 morose

193 3075 273 3158 fluit,
297 3096 413 3141 nomen
437 3096 529 3142 suum
550 3077 683 3142 retinet:
714 3085 747 3142 at
770 3098 844 3143 oum
867 3085 957 3143 extra
980 3077 1176 3142 munimenta
1198 3096 1233 3142 se

195 3180 323 3264 evolvit,
353 3180 472 3246 maiore
494 3180 526 3245 vi
549 3201 587 3246 ac
618 3181 702 3247 mole
732 3189 882 3266 agentem
911 3182 1012 3246 undas
1035 3181 1157 3266 Lycum
1180 3202 1234 3266 ap-

195 3283 324 3369 pellant.
372 3283 557 3350 Alexander
579 3284 708 3366 quidem
738 3287 850 3352 urbem
881 3284 1067 3350 destitutam
1096 3287 1137 3350 ab
1167 3284 1268 3350 suisa

196 3389 300 3468 intrat,
336 3407 443 3454 arcem
475 3409 561 3473 vero,
594 3388 627 3453 in
662 3409 758 3472 quam
791 3390 1009 3472 confugerant,
1048 3408 1234 3473 oppugnare

197 3493 328 3558 adortus
365 3492 609 3558 caduceatorem
646 3494 821 3578 praemisit,
860 3494 914 3576 qui
952 3493 1163 3572 denuntiaret,
1202 3493 1235 3557 ni

198 3596 359 3679 dederent,
384 3597 472 3683 ipsos
495 3597 609 3663 ultima
631 3618 701 3664 esse
724 3619 882 3683 passuros.
919 3597 970 3662 Illi
994 3597 1235 3662 caduceatorem
1254 3607 1269 3655 7

199 3702 231 3766 in
253 3709 370 3768 turrem
394 3710 426 3768 et
449 3703 513 3767 situ
536 3710 568 3768 et
598 3722 694 3788 opere
724 3704 857 3768 multum
888 3702 1006 3768 editam
1036 3700 1234 3786 perductum,

199 3813 318 3889 quanta
347 3814 434 3872 esset
464 3805 608 3887 altitudo,
640 3805 755 3872 intueri
776 3807 887 3873 iubent
910 3827 948 3872 ao
971 3805 1118 3871 nuntiare
1142 3806 1237 3871 Alex-

198 3906 306 3988 andro,
328 3930 393 3975 non
422 3908 536 3975 eadem
565 3909 671 3995 ipsum
703 3916 735 3977 et
757 3910 878 3976 incolas
902 3909 1122 3974 aestimatione
1138 3909 1237 3974 muni-

252 4043 350 4088 Curtius
364 4044 440 4088 Rufus
454 4055 501 4088 von
518 4043 640 4099 Stangl.
1119 4033 1131 4082 l
