<?xml version="1.0" encoding="UTF-8"?>
<!DOCTYPE html PUBLIC "-//W3C//DTD XHTML 1.0 Transitional//EN"
    "http://www.w3.org/TR/xhtml1/DTD/xhtml1-transitional.dtd">
<html xmlns="http://www.w3.org/1999/xhtml" xml:lang="en" lang="en">
 <head>
  <title>
</title>
<meta http-equiv="Content-Type" content="text/html;charset=utf-8" />
  <meta name='ocr-system' content='tesseract 3.04.00' />
  <meta name='ocr-capabilities' content='ocr_page ocr_carea ocr_par ocr_line ocrx_word'/>
</head>
<body>
  <div class='ocr_page' id='page_1' title='image "./qcurtirufihisto00stangoog_0311.png"; bbox 0 0 2970 4322; ppageno 0'>
   <div class='ocr_carea' id='block_1_1' title="bbox 291 271 945 340">
    <p class='ocr_par' dir='ltr' id='par_1_1' title="bbox 291 271 945 340">
     <span class='ocr_line' id='line_1_1' title="bbox 291 271 945 340; baseline 0 -14"><span class='ocrx_word' id='word_1_1' title='bbox 291 271 354 336; x_wconf 78' lang='grc'><strong>278</strong></span> <span class='ocrx_word' id='word_1_2' title='bbox 678 274 708 340; x_wconf 76' lang='lat' dir='ltr'><strong>Q.</strong></span> <span class='ocrx_word' id='word_1_3' title='bbox 730 274 838 330; x_wconf 83' lang='lat' dir='ltr'><strong>OURTI</strong></span> <span class='ocrx_word' id='word_1_4' title='bbox 857 273 945 328; x_wconf 86' lang='lat' dir='ltr'>RUFI</span> 
     </span>
    </p>
   </div>
   <div class='ocr_carea' id='block_1_2' title="bbox 235 481 1379 3999">
    <p class='ocr_par' dir='ltr' id='par_1_2' title="bbox 235 481 1379 3999">
     <span class='ocr_line' id='line_1_2' title="bbox 291 481 1331 564; baseline 0 -19"><span class='ocrx_word' id='word_1_5' title='bbox 291 499 493 562; x_wconf 89' lang='lat' dir='ltr'><strong>—namque</strong></span> <span class='ocrx_word' id='word_1_6' title='bbox 516 481 586 546; x_wconf 87' lang='lat' dir='ltr'><strong>sola</strong></span> <span class='ocrx_word' id='word_1_7' title='bbox 612 501 651 546; x_wconf 88' lang='grc'><strong>11</strong></span> <span class='ocrx_word' id='word_1_8' title='bbox 674 482 768 546; x_wconf 90' lang='lat' dir='ltr'><strong>arbor</strong></span> <span class='ocrx_word' id='word_1_9' title='bbox 794 481 936 564; x_wconf 88' lang='lat' dir='ltr'><strong>gignitur</strong></span> <span class='ocrx_word' id='word_1_10' title='bbox 959 517 999 527; x_wconf 94' lang='lat'>-</span> <span class='ocrx_word' id='word_1_11' title='bbox 1022 481 1140 562; x_wconf 91' lang='lat' dir='ltr'><strong>ubique</strong></span> <span class='ocrx_word' id='word_1_12' title='bbox 1170 481 1331 546; x_wconf 84' lang='lat' dir='ltr'>rimantes.</span> 
     </span>
     <span class='ocr_line' id='line_1_3' title="bbox 239 583 1332 668; baseline 0.005 -24"><span class='ocrx_word' id='word_1_13' title='bbox 239 595 271 644; x_wconf 82' lang='lat'><strong>12</strong></span> <span class='ocrx_word' id='word_1_14' title='bbox 291 583 356 650; x_wconf 80' lang='lat' dir='ltr'><strong>Sed</strong></span> <span class='ocrx_word' id='word_1_15' title='bbox 390 604 462 650; x_wconf 91' lang='lat' dir='ltr'><strong>cum</strong></span> <span class='ocrx_word' id='word_1_16' title='bbox 495 583 576 650; x_wconf 91' lang='lat' dir='ltr'><strong>haee</strong></span> <span class='ocrx_word' id='word_1_17' title='bbox 614 603 738 668; x_wconf 92' lang='lat' dir='ltr'><strong>quoque</strong></span> <span class='ocrx_word' id='word_1_18' title='bbox 776 584 930 650; x_wconf 88' lang='lat' dir='ltr'><strong>alimenta</strong></span> <span class='ocrx_word' id='word_1_19' title='bbox 967 584 1159 664; x_wconf 74' lang='lat' dir='ltr'><strong>defecerant,</strong></span> <span class='ocrx_word' id='word_1_20' title='bbox 1191 585 1332 652; x_wconf 85' lang='lat' dir='ltr'><strong>iumenta</strong></span> 
     </span>
     <span class='ocr_line' id='line_1_4' title="bbox 290 687 1333 772; baseline 0.002 -20"><span class='ocrx_word' id='word_1_21' title='bbox 290 687 425 754; x_wconf 85' lang='lat' dir='ltr'><strong>caedere</strong></span> <span class='ocrx_word' id='word_1_22' title='bbox 451 689 599 771; x_wconf 81' lang='lat' dir='ltr'><strong>aggressi</strong></span> <span class='ocrx_word' id='word_1_23' title='bbox 622 709 664 753; x_wconf 91' lang='grc'><strong>11</strong></span> <span class='ocrx_word' id='word_1_24' title='bbox 691 687 782 772; x_wconf 90' lang='lat' dir='ltr'><strong>equis</strong></span> <span class='ocrx_word' id='word_1_25' title='bbox 805 688 934 771; x_wconf 92' lang='lat' dir='ltr'><strong>quidem</strong></span> <span class='ocrx_word' id='word_1_26' title='bbox 957 689 1176 756; x_wconf 82' lang='lat' dir='ltr'><strong>abstinebant:</strong></span> <span class='ocrx_word' id='word_1_27' title='bbox 1207 696 1333 754; x_wconf 91' lang='lat' dir='ltr'><strong>etcum</strong></span> 
     </span>
     <span class='ocr_line' id='line_1_5' title="bbox 290 791 1331 878; baseline 0.003 -21"><span class='ocrx_word' id='word_1_28' title='bbox 290 791 447 874; x_wconf 86' lang='lat' dir='ltr'><strong>deessent,</strong></span> <span class='ocrx_word' id='word_1_29' title='bbox 484 812 567 875; x_wconf 88' lang='lat' dir='ltr'><strong>quae</strong></span> <span class='ocrx_word' id='word_1_30' title='bbox 602 792 743 858; x_wconf 75' lang='lat' dir='ltr'><strong>sarcinas</strong></span> <span class='ocrx_word' id='word_1_31' title='bbox 777 792 939 875; x_wconf 86' lang='lat' dir='ltr'><strong>veherent,</strong></span> <span class='ocrx_word' id='word_1_32' title='bbox 975 793 1079 878; x_wconf 87' lang='lat' dir='ltr'><strong>spolia</strong></span> <span class='ocrx_word' id='word_1_33' title='bbox 1112 793 1153 859; x_wconf 93' lang='lat' dir='ltr'><strong>de</strong></span> <span class='ocrx_word' id='word_1_34' title='bbox 1178 792 1331 876; x_wconf 69' lang='lat' dir='ltr'><strong>hostibus</strong></span> 
     </span>
     <span class='ocr_line' id='line_1_6' title="bbox 289 895 1333 983; baseline 0.002 -23"><span class='ocrx_word' id='word_1_35' title='bbox 289 902 418 981; x_wconf 88' lang='lat' dir='ltr'><strong>propter</strong></span> <span class='ocrx_word' id='word_1_36' title='bbox 445 916 526 979; x_wconf 90' lang='lat' dir='ltr'><strong>quae</strong></span> <span class='ocrx_word' id='word_1_37' title='bbox 555 895 669 960; x_wconf 92' lang='lat' dir='ltr'><strong>ultima</strong></span> <span class='ocrx_word' id='word_1_38' title='bbox 690 895 831 963; x_wconf 84' lang='lat' dir='ltr'><strong>Orientis</strong></span> <span class='ocrx_word' id='word_1_39' title='bbox 861 904 1120 983; x_wconf 87' lang='lat' dir='ltr'><strong>peragraverant,</strong></span> <span class='ocrx_word' id='word_1_40' title='bbox 1148 899 1333 964; x_wconf 83' lang='lat' dir='ltr'><strong>cremabant</strong></span> 
     </span>
     <span class='ocr_line' id='line_1_7' title="bbox 238 1000 1332 1087; baseline 0.004 -25"><span class='ocrx_word' id='word_1_41' title='bbox 238 1010 270 1062; x_wconf 85' lang='lat'><strong>13</strong></span> <span class='ocrx_word' id='word_1_42' title='bbox 289 1000 446 1069; x_wconf 85' lang='lat' dir='ltr'><strong>incendio.</strong></span> <span class='ocrx_word' id='word_1_43' title='bbox 493 1001 625 1066; x_wconf 81' lang='lat' dir='ltr'><strong>Famem</strong></span> <span class='ocrx_word' id='word_1_44' title='bbox 648 1000 765 1066; x_wconf 92' lang='lat' dir='ltr'><strong>deinde</strong></span> <span class='ocrx_word' id='word_1_45' title='bbox 788 1002 971 1086; x_wconf 88' lang='lat' dir='ltr'><strong>pestilentia</strong></span> <span class='ocrx_word' id='word_1_46' title='bbox 997 1008 1108 1068; x_wconf 89' lang='lat' dir='ltr'><strong>secuta</strong></span> <span class='ocrx_word' id='word_1_47' title='bbox 1131 1008 1188 1083; x_wconf 89' lang='lat' dir='ltr'><strong>est,</strong></span> <span class='ocrx_word' id='word_1_48' title='bbox 1214 1003 1332 1087; x_wconf 93' lang='lat' dir='ltr'><strong>quippe</strong></span> 
     </span>
     <span class='ocr_line' id='line_1_8' title="bbox 290 1105 1333 1187; baseline 0.001 -18"><span class='ocrx_word' id='word_1_49' title='bbox 290 1105 496 1170; x_wconf 83' lang='lat' dir='ltr'><strong>insalubrium</strong></span> <span class='ocrx_word' id='word_1_50' title='bbox 522 1106 664 1174; x_wconf 90' lang='lat' dir='ltr'><strong>ciborum</strong></span> <span class='ocrx_word' id='word_1_51' title='bbox 687 1106 763 1172; x_wconf 91' lang='lat' dir='ltr'><strong>novi</strong></span> <span class='ocrx_word' id='word_1_52' title='bbox 790 1107 865 1187; x_wconf 90' lang='lat' dir='ltr'><strong>suci,</strong></span> <span class='ocrx_word' id='word_1_53' title='bbox 890 1106 932 1171; x_wconf 90' lang='lat' dir='ltr'><strong>ad</strong></span> <span class='ocrx_word' id='word_1_54' title='bbox 954 1106 1015 1172; x_wconf 91' lang='lat' dir='ltr'><strong>boe</strong></span> <span class='ocrx_word' id='word_1_55' title='bbox 1043 1106 1166 1172; x_wconf 89' lang='lat' dir='ltr'><strong>itineris</strong></span> <span class='ocrx_word' id='word_1_56' title='bbox 1187 1107 1281 1172; x_wconf 93' lang='lat' dir='ltr'><strong>labor</strong></span> <span class='ocrx_word' id='word_1_57' title='bbox 1303 1113 1333 1172; x_wconf 90' lang='lat' dir='ltr'><strong>et</strong></span> 
     </span>
     <span class='ocr_line' id='line_1_9' title="bbox 289 1209 1333 1293; baseline 0.004 -21"><span class='ocrx_word' id='word_1_58' title='bbox 289 1209 455 1292; x_wconf 79' lang='lat' dir='ltr'><strong>aegritudo</strong></span> <span class='ocrx_word' id='word_1_59' title='bbox 478 1210 574 1274; x_wconf 90' lang='lat' dir='ltr'><strong>animi</strong></span> <span class='ocrx_word' id='word_1_60' title='bbox 595 1211 804 1292; x_wconf 85' lang='lat' dir='ltr'><strong>vulgaverant</strong></span> <span class='ocrx_word' id='word_1_61' title='bbox 824 1211 961 1293; x_wconf 74' lang='lat' dir='ltr'><strong>morbos,</strong></span> <span class='ocrx_word' id='word_1_62' title='bbox 986 1218 1017 1278; x_wconf 89' lang='lat' dir='ltr'><strong>et</strong></span> <span class='ocrx_word' id='word_1_63' title='bbox 1038 1231 1098 1276; x_wconf 94' lang='lat' dir='ltr'><strong>nec</strong></span> <span class='ocrx_word' id='word_1_64' title='bbox 1112 1232 1242 1276; x_wconf 88' lang='lat' dir='ltr'><strong>manere</strong></span> <span class='ocrx_word' id='word_1_65' title='bbox 1266 1211 1333 1276; x_wconf 89' lang='lat' dir='ltr'><strong>sine</strong></span> 
     </span>
     <span class='ocr_line' id='line_1_10' title="bbox 289 1313 1333 1400; baseline 0.004 -24"><span class='ocrx_word' id='word_1_66' title='bbox 289 1313 382 1378; x_wconf 91' lang='lat' dir='ltr'><strong>elade</strong></span> <span class='ocrx_word' id='word_1_67' title='bbox 404 1334 465 1380; x_wconf 91' lang='lat' dir='ltr'><strong>neo</strong></span> <span class='ocrx_word' id='word_1_68' title='bbox 480 1314 629 1400; x_wconf 85' lang='lat' dir='ltr'><strong>progredi</strong></span> <span class='ocrx_word' id='word_1_69' title='bbox 648 1321 812 1400; x_wconf 90' lang='lat' dir='ltr'><strong>poterant:</strong></span> <span class='ocrx_word' id='word_1_70' title='bbox 836 1322 1001 1382; x_wconf 88' lang='lat' dir='ltr'><strong>manentes</strong></span> <span class='ocrx_word' id='word_1_71' title='bbox 1017 1316 1129 1398; x_wconf 89' lang='lat' dir='ltr'><strong>fames,</strong></span> <span class='ocrx_word' id='word_1_72' title='bbox 1144 1335 1333 1400; x_wconf 88' lang='lat' dir='ltr'><strong>progressos</strong></span> 
     </span>
     <span class='ocr_line' id='line_1_11' title="bbox 238 1417 1334 1504; baseline 0.005 -26"><span class='ocrx_word' id='word_1_73' title='bbox 238 1427 271 1478; x_wconf 84' lang='lat'><strong>14</strong></span> <span class='ocrx_word' id='word_1_74' title='bbox 288 1417 391 1482; x_wconf 88' lang='grc'><strong>111111</strong></span> <span class='ocrx_word' id='word_1_75' title='bbox 413 1418 596 1502; x_wconf 87' lang='lat' dir='ltr'><strong>pestilentia</strong></span> <span class='ocrx_word' id='word_1_76' title='bbox 611 1420 755 1502; x_wconf 88' lang='lat' dir='ltr'><strong>urgebat.</strong></span> <span class='ocrx_word' id='word_1_77' title='bbox 780 1420 866 1502; x_wconf 86' lang='lat' dir='ltr'><strong>Ergo</strong></span> <span class='ocrx_word' id='word_1_78' title='bbox 887 1421 978 1485; x_wconf 89' lang='lat' dir='ltr'><strong>strati</strong></span> <span class='ocrx_word' id='word_1_79' title='bbox 1002 1426 1092 1486; x_wconf 88' lang='grc'><strong>11111</strong></span> <span class='ocrx_word' id='word_1_80' title='bbox 1108 1419 1212 1504; x_wconf 87' lang='lat' dir='ltr'><strong>campi</strong></span> <span class='ocrx_word' id='word_1_81' title='bbox 1229 1440 1334 1504; x_wconf 87' lang='lat' dir='ltr'><strong>paene</strong></span> 
     </span>
     <span class='ocr_line' id='line_1_12' title="bbox 287 1521 1334 1607; baseline 0.003 -23"><span class='ocrx_word' id='word_1_82' title='bbox 287 1521 431 1606; x_wconf 89' lang='lat' dir='ltr'><strong>pluribus</strong></span> <span class='ocrx_word' id='word_1_83' title='bbox 454 1521 618 1588; x_wconf 88' lang='lat' dir='ltr'><strong>semivivis</strong></span> <span class='ocrx_word' id='word_1_84' title='bbox 642 1543 737 1606; x_wconf 92' lang='lat' dir='ltr'><strong>quam</strong></span> <span class='ocrx_word' id='word_1_85' title='bbox 761 1522 982 1593; x_wconf 88' lang='lat' dir='ltr'><strong>cadaveribus.</strong></span> <span class='ocrx_word' id='word_1_86' title='bbox 1006 1524 1054 1590; x_wconf 87' lang='lat' dir='ltr'><strong>Ae</strong></span> <span class='ocrx_word' id='word_1_87' title='bbox 1076 1544 1118 1589; x_wconf 92' lang='grc'><strong>11</strong></span> <span class='ocrx_word' id='word_1_88' title='bbox 1140 1523 1244 1590; x_wconf 82' lang='grc'><strong>111111</strong></span> <span class='ocrx_word' id='word_1_89' title='bbox 1269 1523 1334 1607; x_wconf 91' lang='lat' dir='ltr'><strong>qui-</strong></span> 
     </span>
     <span class='ocr_line' id='line_1_13' title="bbox 289 1624 1332 1713; baseline 0.002 -23"><span class='ocrx_word' id='word_1_90' title='bbox 289 1624 362 1690; x_wconf 91' lang='lat' dir='ltr'><strong>dem</strong></span> <span class='ocrx_word' id='word_1_91' title='bbox 377 1626 467 1709; x_wconf 89' lang='lat' dir='ltr'><strong>aegri</strong></span> <span class='ocrx_word' id='word_1_92' title='bbox 484 1627 573 1710; x_wconf 89' lang='lat' dir='ltr'><strong>sequi</strong></span> <span class='ocrx_word' id='word_1_93' title='bbox 590 1633 751 1711; x_wconf 91' lang='lat' dir='ltr'><strong>poterant:</strong></span> <span class='ocrx_word' id='word_1_94' title='bbox 765 1627 884 1712; x_wconf 90' lang='lat' dir='ltr'><strong>quippe</strong></span> <span class='ocrx_word' id='word_1_95' title='bbox 901 1648 1017 1711; x_wconf 89' lang='lat' dir='ltr'><strong>agmen</strong></span> <span class='ocrx_word' id='word_1_96' title='bbox 1037 1628 1151 1713; x_wconf 87' lang='lat' dir='ltr'><strong>raptim</strong></span> <span class='ocrx_word' id='word_1_97' title='bbox 1166 1630 1332 1712; x_wconf 88' lang='lat' dir='ltr'><strong>agebatur,</strong></span> 
     </span>
     <span class='ocr_line' id='line_1_14' title="bbox 287 1730 1332 1818; baseline 0.003 -25"><span class='ocrx_word' id='word_1_98' title='bbox 287 1735 411 1794; x_wconf 90' lang='lat' dir='ltr'><strong>tantum</strong></span> <span class='ocrx_word' id='word_1_99' title='bbox 433 1730 568 1813; x_wconf 87' lang='lat' dir='ltr'><strong>singulis</strong></span> <span class='ocrx_word' id='word_1_100' title='bbox 590 1732 633 1796; x_wconf 88' lang='lat' dir='ltr'><strong>ad</strong></span> <span class='ocrx_word' id='word_1_101' title='bbox 656 1751 746 1816; x_wconf 90' lang='lat' dir='ltr'><strong>spem</strong></span> <span class='ocrx_word' id='word_1_102' title='bbox 774 1730 886 1798; x_wconf 89' lang='lat' dir='ltr'><strong>salutis</strong></span> <span class='ocrx_word' id='word_1_103' title='bbox 907 1733 995 1816; x_wconf 90' lang='lat' dir='ltr'><strong>ipsos</strong></span> <span class='ocrx_word' id='word_1_104' title='bbox 1024 1731 1179 1818; x_wconf 89' lang='lat' dir='ltr'><strong>proficere</strong></span> <span class='ocrx_word' id='word_1_105' title='bbox 1202 1732 1332 1798; x_wconf 88' lang='lat' dir='ltr'><strong>creden·</strong></span> 
     </span>
     <span class='ocr_line' id='line_1_15' title="bbox 237 1832 1329 1921; baseline 0.005 -27"><span class='ocrx_word' id='word_1_106' title='bbox 237 1844 269 1894; x_wconf 84' lang='lat'><strong>15</strong></span> <span class='ocrx_word' id='word_1_107' title='bbox 286 1834 381 1914; x_wconf 90' lang='lat' dir='ltr'><strong>tibus,</strong></span> <span class='ocrx_word' id='word_1_108' title='bbox 405 1839 557 1916; x_wconf 89' lang='lat' dir='ltr'><strong>quantum</strong></span> <span class='ocrx_word' id='word_1_109' title='bbox 587 1835 709 1901; x_wconf 87' lang='lat' dir='ltr'><strong>itineris</strong></span> <span class='ocrx_word' id='word_1_110' title='bbox 736 1835 917 1901; x_wconf 88' lang='lat' dir='ltr'><strong>festinando</strong></span> <span class='ocrx_word' id='word_1_111' title='bbox 940 1835 1170 1921; x_wconf 89' lang='lat' dir='ltr'><strong>praeciperent.</strong></span> <span class='ocrx_word' id='word_1_112' title='bbox 1215 1832 1329 1920; x_wconf 76' lang='lat' dir='ltr'><strong>Igit&#39;ur,</strong></span> 
     </span>
     <span class='ocr_line' id='line_1_16' title="bbox 289 1938 1334 2023; baseline 0.002 -21"><span class='ocrx_word' id='word_1_113' title='bbox 289 1938 341 2020; x_wconf 93' lang='lat' dir='ltr'><strong>qui</strong></span> <span class='ocrx_word' id='word_1_114' title='bbox 378 1938 571 2021; x_wconf 88' lang='lat' dir='ltr'><strong>defecerant,</strong></span> <span class='ocrx_word' id='word_1_115' title='bbox 602 1946 695 2004; x_wconf 93' lang='grc'><strong>11111</strong></span> <span class='ocrx_word' id='word_1_116' title='bbox 724 1941 924 2023; x_wconf 91' lang='lat' dir='ltr'><strong>ignotosque,</strong></span> <span class='ocrx_word' id='word_1_117' title='bbox 955 1946 990 2004; x_wconf 92' lang='lat' dir='ltr'><strong>ut</strong></span> <span class='ocrx_word' id='word_1_118' title='bbox 1019 1939 1241 2020; x_wconf 87' lang='lat' dir='ltr'><strong>allevarentur,</strong></span> <span class='ocrx_word' id='word_1_119' title='bbox 1269 1960 1334 2004; x_wconf 88' lang='lat' dir='ltr'><strong>ora-</strong></span> 
     </span>
     <span class='ocr_line' id='line_1_17' title="bbox 287 2043 1335 2129; baseline -0.001 -22"><span class='ocrx_word' id='word_1_120' title='bbox 287 2043 381 2110; x_wconf 91' lang='lat' dir='ltr'><strong>bant:</strong></span> <span class='ocrx_word' id='word_1_121' title='bbox 406 2043 464 2109; x_wconf 90' lang='lat' dir='ltr'><strong>sed</strong></span> <span class='ocrx_word' id='word_1_122' title='bbox 486 2064 546 2108; x_wconf 91' lang='lat' dir='ltr'><strong>nec</strong></span> <span class='ocrx_word' id='word_1_123' title='bbox 568 2043 709 2109; x_wconf 89' lang='lat' dir='ltr'><strong>iumenta</strong></span> <span class='ocrx_word' id='word_1_124' title='bbox 742 2051 839 2125; x_wconf 89' lang='lat' dir='ltr'><strong>erant,</strong></span> <span class='ocrx_word' id='word_1_125' title='bbox 864 2044 979 2126; x_wconf 90' lang='lat' dir='ltr'><strong>quibus</strong></span> <span class='ocrx_word' id='word_1_126' title='bbox 1004 2044 1108 2129; x_wconf 87' lang='lat' dir='ltr'><strong>excipi</strong></span> <span class='ocrx_word' id='word_1_127' title='bbox 1137 2049 1279 2127; x_wconf 87' lang='lat' dir='ltr'><strong>possent,</strong></span> <span class='ocrx_word' id='word_1_128' title='bbox 1303 2049 1335 2108; x_wconf 91' lang='grc'><strong>11</strong></span> 
     </span>
     <span class='ocr_line' id='line_1_18' title="bbox 286 2146 1332 2233; baseline 0.001 -23"><span class='ocrx_word' id='word_1_129' title='bbox 286 2146 379 2210; x_wconf 88' lang='lat' dir='ltr'><strong>miles</strong></span> <span class='ocrx_word' id='word_1_130' title='bbox 401 2148 456 2211; x_wconf 93' lang='lat' dir='ltr'><strong>vix</strong></span> <span class='ocrx_word' id='word_1_131' title='bbox 478 2169 565 2212; x_wconf 92' lang='lat' dir='ltr'><strong>arma</strong></span> <span class='ocrx_word' id='word_1_132' title='bbox 596 2152 754 2233; x_wconf 88' lang='lat' dir='ltr'><strong>portabat,</strong></span> <span class='ocrx_word' id='word_1_133' title='bbox 784 2147 1041 2230; x_wconf 89' lang='lat' dir='ltr'><strong>imminentisque</strong></span> <span class='ocrx_word' id='word_1_134' title='bbox 1067 2153 1099 2212; x_wconf 88' lang='lat' dir='ltr'><strong>et</strong></span> <span class='ocrx_word' id='word_1_135' title='bbox 1127 2147 1206 2233; x_wconf 88' lang='lat' dir='ltr'><strong>ipsis</strong></span> <span class='ocrx_word' id='word_1_136' title='bbox 1230 2148 1332 2212; x_wconf 85' lang='lat' dir='ltr'><strong>facies</strong></span> 
     </span>
     <span class='ocr_line' id='line_1_19' title="bbox 286 2250 1332 2337; baseline 0.001 -24"><span class='ocrx_word' id='word_1_137' title='bbox 286 2250 361 2314; x_wconf 89' lang='lat' dir='ltr'><strong>mali</strong></span> <span class='ocrx_word' id='word_1_138' title='bbox 385 2258 460 2316; x_wconf 89' lang='lat' dir='ltr'><strong>ante</strong></span> <span class='ocrx_word' id='word_1_139' title='bbox 483 2252 591 2317; x_wconf 88' lang='lat' dir='ltr'><strong>oculos</strong></span> <span class='ocrx_word' id='word_1_140' title='bbox 608 2259 683 2317; x_wconf 91' lang='lat' dir='ltr'><strong>erat.</strong></span> <span class='ocrx_word' id='word_1_141' title='bbox 709 2253 796 2334; x_wconf 83' lang='lat' dir='ltr'><strong>Ergo</strong></span> <span class='ocrx_word' id='word_1_142' title='bbox 813 2252 940 2337; x_wconf 88' lang='lat' dir='ltr'><strong>saepius</strong></span> <span class='ocrx_word' id='word_1_143' title='bbox 956 2250 1097 2316; x_wconf 88' lang='lat' dir='ltr'><strong>revocati</strong></span> <span class='ocrx_word' id='word_1_144' title='bbox 1111 2271 1152 2316; x_wconf 91' lang='lat' dir='ltr'><strong>ne</strong></span> <span class='ocrx_word' id='word_1_145' title='bbox 1171 2251 1332 2334; x_wconf 89' lang='lat' dir='ltr'><strong>respicere</strong></span> 
     </span>
     <span class='ocr_line' id='line_1_20' title="bbox 286 2353 1328 2438; baseline 0 -20"><span class='ocrx_word' id='word_1_146' title='bbox 286 2353 414 2436; x_wconf 89' lang='lat' dir='ltr'><strong>quidem</strong></span> <span class='ocrx_word' id='word_1_147' title='bbox 427 2375 500 2421; x_wconf 91' lang='lat' dir='ltr'><strong>suos</strong></span> <span class='ocrx_word' id='word_1_148' title='bbox 514 2357 722 2438; x_wconf 86' lang='lat' dir='ltr'><strong>sustinebant,</strong></span> <span class='ocrx_word' id='word_1_149' title='bbox 734 2357 951 2422; x_wconf 88' lang='lat' dir='ltr'><strong>misericordia</strong></span> <span class='ocrx_word' id='word_1_150' title='bbox 965 2355 998 2418; x_wconf 94' lang='lat' dir='ltr'><strong>in</strong></span> <span class='ocrx_word' id='word_1_151' title='bbox 1010 2353 1213 2420; x_wconf 86' lang='lat' dir='ltr'><strong>formidinem</strong></span> <span class='ocrx_word' id='word_1_152' title='bbox 1224 2374 1328 2420; x_wconf 87' lang='lat' dir='ltr'><strong>versa.</strong></span> 
     </span>
     <span class='ocr_line' id='line_1_21' title="bbox 236 2458 1332 2541; baseline 0.002 -19"><span class='ocrx_word' id='word_1_153' title='bbox 236 2473 267 2524; x_wconf 84' lang='grc'><strong>16</strong></span> <span class='ocrx_word' id='word_1_154' title='bbox 286 2458 337 2522; x_wconf 93' lang='lat' dir='ltr'><strong>Illi</strong></span> <span class='ocrx_word' id='word_1_155' title='bbox 369 2459 470 2525; x_wconf 90' lang='lat' dir='ltr'><strong>relicti</strong></span> <span class='ocrx_word' id='word_1_156' title='bbox 494 2460 571 2526; x_wconf 88' lang='lat' dir='ltr'><strong>deos</strong></span> <span class='ocrx_word' id='word_1_157' title='bbox 600 2467 700 2526; x_wconf 91' lang='lat' dir='ltr'><strong>testes</strong></span> <span class='ocrx_word' id='word_1_158' title='bbox 724 2467 755 2524; x_wconf 90' lang='lat' dir='ltr'><strong>et</strong></span> <span class='ocrx_word' id='word_1_159' title='bbox 786 2480 877 2526; x_wconf 88' lang='lat' dir='ltr'><strong>sacra</strong></span> <span class='ocrx_word' id='word_1_160' title='bbox 907 2459 1086 2524; x_wconf 90' lang='lat' dir='ltr'><strong>communia</strong></span> <span class='ocrx_word' id='word_1_161' title='bbox 1107 2458 1257 2541; x_wconf 86' lang='lat' dir='ltr'><strong>regisque</strong></span> <span class='ocrx_word' id='word_1_162' title='bbox 1275 2459 1332 2524; x_wconf 91' lang='lat' dir='ltr'><strong>im·</strong></span> 
     </span>
     <span class='ocr_line' id='line_1_22' title="bbox 284 2562 1328 2648; baseline 0.001 -23"><span class='ocrx_word' id='word_1_163' title='bbox 284 2562 455 2646; x_wconf 90' lang='lat' dir='ltr'><strong>plorabant</strong></span> <span class='ocrx_word' id='word_1_164' title='bbox 479 2585 589 2648; x_wconf 90' lang='lat' dir='ltr'><strong>opem:</strong></span> <span class='ocrx_word' id='word_1_165' title='bbox 607 2585 741 2648; x_wconf 87' lang='lat' dir='ltr'><strong>cumque</strong></span> <span class='ocrx_word' id='word_1_166' title='bbox 757 2564 873 2630; x_wconf 89' lang='lat' dir='ltr'><strong>frustra</strong></span> <span class='ocrx_word' id='word_1_167' title='bbox 896 2562 1009 2629; x_wconf 88' lang='lat' dir='ltr'><strong>surdas</strong></span> <span class='ocrx_word' id='word_1_168' title='bbox 1032 2581 1127 2627; x_wconf 89' lang='lat' dir='ltr'><strong>aures</strong></span> <span class='ocrx_word' id='word_1_169' title='bbox 1145 2562 1328 2646; x_wconf 82' lang='lat' dir='ltr'><strong>fatigarent,</strong></span> 
     </span>
     <span class='ocr_line' id='line_1_23' title="bbox 284 2666 1329 2754; baseline 0.001 -24"><span class='ocrx_word' id='word_1_170' title='bbox 284 2666 317 2730; x_wconf 93' lang='lat' dir='ltr'><strong>in</strong></span> <span class='ocrx_word' id='word_1_171' title='bbox 333 2668 453 2733; x_wconf 89' lang='lat' dir='ltr'><strong>rabiem</strong></span> <span class='ocrx_word' id='word_1_172' title='bbox 470 2669 691 2754; x_wconf 88' lang='lat' dir='ltr'><strong>desperatione</strong></span> <span class='ocrx_word' id='word_1_173' title='bbox 706 2689 800 2734; x_wconf 89' lang='lat' dir='ltr'><strong>versa</strong></span> <span class='ocrx_word' id='word_1_174' title='bbox 814 2689 924 2752; x_wconf 88' lang='lat' dir='ltr'><strong>parem</strong></span> <span class='ocrx_word' id='word_1_175' title='bbox 937 2686 994 2734; x_wconf 92' lang='lat' dir='ltr'><strong>suo</strong></span> <span class='ocrx_word' id='word_1_176' title='bbox 1012 2667 1131 2732; x_wconf 88' lang='lat' dir='ltr'><strong>exitum</strong></span> <span class='ocrx_word' id='word_1_177' title='bbox 1144 2666 1329 2750; x_wconf 86' lang='lat' dir='ltr'><strong>similesque</strong></span> 
     </span>
     <span class='ocr_line' id='line_1_24' title="bbox 235 2769 1379 2857; baseline 0.004 -21"><span class='ocrx_word' id='word_1_178' title='bbox 235 2787 266 2836; x_wconf 88' lang='lat'><strong>17</strong></span> <span class='ocrx_word' id='word_1_179' title='bbox 285 2770 363 2854; x_wconf 90' lang='lat' dir='ltr'><strong>ipsis</strong></span> <span class='ocrx_word' id='word_1_180' title='bbox 387 2773 507 2838; x_wconf 86' lang='lat' dir='ltr'><strong>amicos</strong></span> <span class='ocrx_word' id='word_1_181' title='bbox 532 2780 562 2838; x_wconf 90' lang='lat' dir='ltr'><strong>et</strong></span> <span class='ocrx_word' id='word_1_182' title='bbox 586 2773 829 2838; x_wconf 88' lang='lat' dir='ltr'><strong>contubernales</strong></span> <span class='ocrx_word' id='word_1_183' title='bbox 858 2773 1077 2857; x_wconf 87' lang='lat' dir='ltr'><strong>precabantur.</strong></span> <span class='ocrx_word' id='word_1_184' title='bbox 1114 2769 1192 2845; x_wconf 85' lang='lat' dir='ltr'><strong>Rex,</strong></span> <span class='ocrx_word' id='word_1_185' title='bbox 1218 2769 1379 2840; x_wconf 85' lang='grc'><strong>11111141</strong></span> 
     </span>
     <span class='ocr_line' id='line_1_25' title="bbox 286 2873 1330 2960; baseline 0.001 -21"><span class='ocrx_word' id='word_1_186' title='bbox 286 2874 379 2939; x_wconf 88' lang='lat' dir='ltr'><strong>simul</strong></span> <span class='ocrx_word' id='word_1_187' title='bbox 403 2897 442 2940; x_wconf 89' lang='lat' dir='ltr'><strong>ac</strong></span> <span class='ocrx_word' id='word_1_188' title='bbox 465 2876 586 2960; x_wconf 90' lang='lat' dir='ltr'><strong>pudore</strong></span> <span class='ocrx_word' id='word_1_189' title='bbox 612 2877 735 2958; x_wconf 89' lang='lat' dir='ltr'><strong>anxius,</strong></span> <span class='ocrx_word' id='word_1_190' title='bbox 760 2875 834 2958; x_wconf 89' lang='lat' dir='ltr'><strong>quia</strong></span> <span class='ocrx_word' id='word_1_191' title='bbox 863 2896 959 2941; x_wconf 90' lang='lat' dir='ltr'><strong>causa</strong></span> <span class='ocrx_word' id='word_1_192' title='bbox 988 2880 1098 2939; x_wconf 88' lang='lat' dir='ltr'><strong>tantae</strong></span> <span class='ocrx_word' id='word_1_193' title='bbox 1129 2873 1231 2940; x_wconf 88' lang='lat' dir='ltr'><strong>cladis</strong></span> <span class='ocrx_word' id='word_1_194' title='bbox 1258 2875 1330 2960; x_wconf 90' lang='lat' dir='ltr'><strong>ipse</strong></span> 
     </span>
     <span class='ocr_line' id='line_1_26' title="bbox 286 2979 1329 3066; baseline 0.001 -24"><span class='ocrx_word' id='word_1_195' title='bbox 286 2986 381 3060; x_wconf 90' lang='lat' dir='ltr'><strong>esset,</strong></span> <span class='ocrx_word' id='word_1_196' title='bbox 405 2979 448 3044; x_wconf 87' lang='lat' dir='ltr'><strong>ad</strong></span> <span class='ocrx_word' id='word_1_197' title='bbox 475 2981 747 3066; x_wconf 86' lang='lat' dir='ltr'><strong>Phrataphernen,</strong></span> <span class='ocrx_word' id='word_1_198' title='bbox 771 2979 1023 3063; x_wconf 88' lang='lat' dir='ltr'><strong>Parthyaeorum</strong></span> <span class='ocrx_word' id='word_1_199' title='bbox 1050 2983 1208 3062; x_wconf 88' lang='lat' dir='ltr'><strong>satrapen,</strong></span> <span class='ocrx_word' id='word_1_200' title='bbox 1231 2979 1329 3059; x_wconf 89' lang='lat' dir='ltr'><strong>misit,</strong></span> 
     </span>
     <span class='ocr_line' id='line_1_27' title="bbox 286 3081 1331 3164; baseline 0.002 -19"><span class='ocrx_word' id='word_1_201' title='bbox 286 3082 340 3163; x_wconf 95' lang='lat' dir='ltr'><strong>qui</strong></span> <span class='ocrx_word' id='word_1_202' title='bbox 362 3083 508 3149; x_wconf 88' lang='lat' dir='ltr'><strong>iuberent</strong></span> <span class='ocrx_word' id='word_1_203' title='bbox 531 3085 662 3150; x_wconf 88' lang='lat' dir='ltr'><strong>camelis</strong></span> <span class='ocrx_word' id='word_1_204' title='bbox 686 3091 776 3149; x_wconf 90' lang='lat' dir='ltr'><strong>cocta</strong></span> <span class='ocrx_word' id='word_1_205' title='bbox 800 3083 919 3148; x_wconf 86' lang='lat' dir='ltr'><strong>cibaria</strong></span> <span class='ocrx_word' id='word_1_206' title='bbox 945 3083 1061 3163; x_wconf 86' lang='lat' dir='ltr'><strong>afferri,</strong></span> <span class='ocrx_word' id='word_1_207' title='bbox 1085 3081 1229 3164; x_wconf 88' lang='lat' dir='ltr'><strong>aliosque</strong></span> <span class='ocrx_word' id='word_1_208' title='bbox 1264 3082 1331 3147; x_wconf 92' lang='lat' dir='ltr'><strong>fini-</strong></span> 
     </span>
     <span class='ocr_line' id='line_1_28' title="bbox 284 3185 1330 3274; baseline 0.003 -25"><span class='ocrx_word' id='word_1_209' title='bbox 284 3186 431 3252; x_wconf 88' lang='lat' dir='ltr'><strong>timarum</strong></span> <span class='ocrx_word' id='word_1_210' title='bbox 457 3189 621 3272; x_wconf 91' lang='lat' dir='ltr'><strong>regionum</strong></span> <span class='ocrx_word' id='word_1_211' title='bbox 644 3188 824 3274; x_wconf 89' lang='lat' dir='ltr'><strong>praefectos</strong></span> <span class='ocrx_word' id='word_1_212' title='bbox 850 3187 1000 3252; x_wconf 87' lang='lat' dir='ltr'><strong>certiores</strong></span> <span class='ocrx_word' id='word_1_213' title='bbox 1021 3185 1228 3252; x_wconf 85' lang='lat' dir='ltr'><strong>necessitatis</strong></span> <span class='ocrx_word' id='word_1_214' title='bbox 1252 3207 1330 3252; x_wconf 89' lang='lat' dir='ltr'><strong>suae</strong></span> 
     </span>
     <span class='ocr_line' id='line_1_29' title="bbox 236 3288 1330 3374; baseline 0.002 -20"><span class='ocrx_word' id='word_1_215' title='bbox 236 3305 267 3356; x_wconf 79' lang='grc'><strong>18</strong></span> <span class='ocrx_word' id='word_1_216' title='bbox 285 3288 370 3356; x_wconf 88' lang='lat' dir='ltr'><strong>fecit.</strong></span> <span class='ocrx_word' id='word_1_217' title='bbox 417 3292 486 3358; x_wconf 91' lang='lat' dir='ltr'><strong>Nee</strong></span> <span class='ocrx_word' id='word_1_218' title='bbox 510 3300 666 3358; x_wconf 87' lang='lat' dir='ltr'><strong>cessatum</strong></span> <span class='ocrx_word' id='word_1_219' title='bbox 689 3297 738 3358; x_wconf 88' lang='lat' dir='ltr'><strong>est</strong></span> <span class='ocrx_word' id='word_1_220' title='bbox 761 3295 801 3358; x_wconf 89' lang='lat' dir='ltr'><strong>ab</strong></span> <span class='ocrx_word' id='word_1_221' title='bbox 824 3291 884 3357; x_wconf 90' lang='lat' dir='ltr'><strong>his.</strong></span> <span class='ocrx_word' id='word_1_222' title='bbox 916 3292 1029 3374; x_wconf 89' lang='lat' dir='ltr'><strong>ltaque</strong></span> <span class='ocrx_word' id='word_1_223' title='bbox 1052 3290 1138 3355; x_wconf 89' lang='lat' dir='ltr'><strong>fame</strong></span> <span class='ocrx_word' id='word_1_224' title='bbox 1161 3291 1330 3356; x_wconf 82' lang='lat' dir='ltr'><strong>dumtaxat</strong></span> 
     </span>
     <span class='ocr_line' id='line_1_30' title="bbox 284 3391 1328 3480; baseline 0.003 -23"><span class='ocrx_word' id='word_1_225' title='bbox 284 3393 464 3460; x_wconf 90' lang='lat' dir='ltr'><strong>vindicatus</strong></span> <span class='ocrx_word' id='word_1_226' title='bbox 481 3398 637 3462; x_wconf 89' lang='lat' dir='ltr'><strong>exercitus</strong></span> <span class='ocrx_word' id='word_1_227' title='bbox 653 3396 782 3461; x_wconf 89' lang='lat' dir='ltr'><strong>tandem</strong></span> <span class='ocrx_word' id='word_1_228' title='bbox 797 3395 828 3459; x_wconf 93' lang='lat' dir='ltr'><strong>in</strong></span> <span class='ocrx_word' id='word_1_229' title='bbox 842 3394 1012 3460; x_wconf 81' lang='lat' dir='ltr'><strong>Cedrosiae</strong></span> <span class='ocrx_word' id='word_1_230' title='bbox 1035 3391 1114 3460; x_wconf 90' lang='lat' dir='ltr'><strong>fines</strong></span> <span class='ocrx_word' id='word_1_231' title='bbox 1133 3394 1328 3480; x_wconf 86' lang='lat' dir='ltr'><strong>perducitur.</strong></span> 
     </span>
     <span class='ocr_line' id='line_1_31' title="bbox 285 3496 1329 3585; baseline 0.003 -25"><span class='ocrx_word' id='word_1_232' title='bbox 285 3496 433 3563; x_wconf 86' lang='lat' dir='ltr'><strong>Omnium</strong></span> <span class='ocrx_word' id='word_1_233' title='bbox 457 3521 561 3566; x_wconf 89' lang='lat' dir='ltr'><strong>rerum</strong></span> <span class='ocrx_word' id='word_1_234' title='bbox 591 3500 683 3585; x_wconf 89' lang='lat' dir='ltr'><strong>eopia</strong></span> <span class='ocrx_word' id='word_1_235' title='bbox 705 3499 819 3564; x_wconf 88' lang='lat' dir='ltr'><strong>fertilis</strong></span> <span class='ocrx_word' id='word_1_236' title='bbox 849 3499 939 3580; x_wconf 90' lang='lat' dir='ltr'><strong>regio</strong></span> <span class='ocrx_word' id='word_1_237' title='bbox 962 3503 1026 3562; x_wconf 78' lang='lat' dir='ltr'><strong>ert:</strong></span> <span class='ocrx_word' id='word_1_238' title='bbox 1057 3497 1091 3561; x_wconf 95' lang='lat' dir='ltr'><strong>in</strong></span> <span class='ocrx_word' id='word_1_239' title='bbox 1121 3517 1183 3580; x_wconf 90' lang='lat' dir='ltr'><strong>qua</strong></span> <span class='ocrx_word' id='word_1_240' title='bbox 1210 3499 1329 3563; x_wconf 88' lang='lat' dir='ltr'><strong>stativa</strong></span> 
     </span>
     <span class='ocr_line' id='line_1_32' title="bbox 235 3597 1328 3686; baseline 0.003 -21"><span class='ocrx_word' id='word_1_241' title='bbox 235 3597 406 3684; x_wconf 80' lang='lat' dir='ltr'><strong>rehabuit,</strong></span> <span class='ocrx_word' id='word_1_242' title='bbox 429 3610 464 3668; x_wconf 92' lang='lat' dir='ltr'><strong>ut</strong></span> <span class='ocrx_word' id='word_1_243' title='bbox 485 3610 617 3669; x_wconf 87' lang='lat' dir='ltr'><strong>vexatos</strong></span> <span class='ocrx_word' id='word_1_244' title='bbox 641 3604 758 3668; x_wconf 89' lang='lat' dir='ltr'><strong>milites</strong></span> <span class='ocrx_word' id='word_1_245' title='bbox 781 3603 887 3686; x_wconf 89' lang='lat' dir='ltr'><strong>quiete</strong></span> <span class='ocrx_word' id='word_1_246' title='bbox 908 3602 1055 3667; x_wconf 88' lang='lat' dir='ltr'><strong>firmaret.</strong></span> <span class='ocrx_word' id='word_1_247' title='bbox 1084 3600 1147 3666; x_wconf 92' lang='grc' dir='ltr'><strong>Η11</strong></span> <span class='ocrx_word' id='word_1_248' title='bbox 1169 3601 1328 3668; x_wconf 89' lang='lat' dir='ltr'><strong>Leonnati</strong></span> 
     </span>
     <span class='ocr_line' id='line_1_33' title="bbox 285 3705 1329 3792; baseline 0.002 -20"><span class='ocrx_word' id='word_1_249' title='bbox 285 3706 407 3772; x_wconf 89' lang='lat' dir='ltr'><strong>litteras</strong></span> <span class='ocrx_word' id='word_1_250' title='bbox 429 3707 562 3792; x_wconf 89' lang='lat' dir='ltr'><strong>accepit,</strong></span> <span class='ocrx_word' id='word_1_251' title='bbox 586 3706 768 3772; x_wconf 87' lang='lat' dir='ltr'><strong>conflixisse</strong></span> <span class='ocrx_word' id='word_1_252' title='bbox 787 3707 891 3791; x_wconf 90' lang='lat' dir='ltr'><strong>ipsum</strong></span> <span class='ocrx_word' id='word_1_253' title='bbox 914 3727 986 3771; x_wconf 91' lang='lat' dir='ltr'><strong>cum</strong></span> <span class='ocrx_word' id='word_1_254' title='bbox 1009 3717 1074 3771; x_wconf 83' lang='lat' dir='ltr'>V111</span> <span class='ocrx_word' id='word_1_255' title='bbox 1088 3705 1217 3772; x_wconf 90' lang='lat' dir='ltr'><strong>milibus</strong></span> <span class='ocrx_word' id='word_1_256' title='bbox 1239 3705 1329 3791; x_wconf 87' lang='lat' dir='ltr'><strong>pedi·</strong></span> 
     </span>
     <span class='ocr_line' id='line_1_34' title="bbox 286 3808 1327 3895; baseline -0.003 -19"><span class='ocrx_word' id='word_1_257' title='bbox 286 3819 351 3876; x_wconf 91' lang='lat' dir='ltr'><strong>tum</strong></span> <span class='ocrx_word' id='word_1_258' title='bbox 385 3817 416 3875; x_wconf 93' lang='lat' dir='ltr'><strong>et</strong></span> <span class='ocrx_word' id='word_1_259' title='bbox 444 3821 530 3874; x_wconf 80' lang='lat' dir='ltr'><strong>cccc</strong></span> <span class='ocrx_word' id='word_1_260' title='bbox 559 3811 717 3893; x_wconf 89' lang='lat' dir='ltr'><strong>equitibus</strong></span> <span class='ocrx_word' id='word_1_261' title='bbox 748 3808 906 3874; x_wconf 83' lang='lat' dir='ltr'><strong>Oritarum</strong></span> <span class='ocrx_word' id='word_1_262' title='bbox 939 3829 1090 3895; x_wconf 89' lang='lat' dir='ltr'><strong>prospero</strong></span> <span class='ocrx_word' id='word_1_263' title='bbox 1125 3815 1251 3878; x_wconf 84' lang='lat' dir='ltr'><strong>eventu.</strong></span> <span class='ocrx_word' id='word_1_264' title='bbox 1297 3810 1327 3874; x_wconf 83' lang='lat' dir='ltr'>A</span> 
     </span>
     <span class='ocr_line' id='line_1_35' title="bbox 286 3911 1327 3999; baseline 0 -21"><span class='ocrx_word' id='word_1_265' title='bbox 286 3915 415 3979; x_wconf 85' lang='lat' dir='ltr'><strong>Oratero</strong></span> <span class='ocrx_word' id='word_1_266' title='bbox 438 3932 564 3994; x_wconf 90' lang='lat' dir='ltr'><strong>quoque</strong></span> <span class='ocrx_word' id='word_1_267' title='bbox 586 3911 715 3977; x_wconf 90' lang='lat' dir='ltr'><strong>nuntius</strong></span> <span class='ocrx_word' id='word_1_268' title='bbox 740 3912 836 3992; x_wconf 90' lang='lat' dir='ltr'><strong>venit,</strong></span> <span class='ocrx_word' id='word_1_269' title='bbox 860 3911 980 3978; x_wconf 87' lang='lat' dir='ltr'><strong>Ozinen</strong></span> <span class='ocrx_word' id='word_1_270' title='bbox 1007 3920 1039 3978; x_wconf 93' lang='lat' dir='ltr'><strong>et</strong></span> <span class='ocrx_word' id='word_1_271' title='bbox 1065 3911 1250 3999; x_wconf 86' lang='lat' dir='ltr'><strong>Zariaspen,</strong></span> <span class='ocrx_word' id='word_1_272' title='bbox 1273 3933 1327 3978; x_wconf 86' lang='lat' dir='ltr'><strong>no</strong></span> 
     </span>
    </p>
   </div>
   <div class='ocr_carea' id='block_1_3' title="bbox 0 0 1490 4322">
    <p class='ocr_par' dir='ltr' id='par_1_3' title="bbox 0 0 1490 4322">
     <span class='ocr_line' id='line_1_36' title="bbox 0 0 1490 4322; baseline 0 0"><span class='ocrx_word' id='word_1_273' title='bbox 0 0 1490 4322; x_wconf 95' lang='lat' dir='ltr'><strong> </strong></span> 
     </span>
    </p>
   </div>
  </div>
 </body>
</html>
