2976 4322
302 238 362 303 166
688 238 718 304 Q.
738 237 846 292 GURTI
865 237 953 293 RUFI

298 465 356 509 nos
379 451 490 529 potest,
522 443 591 526 quis
625 443 712 508 illam
734 444 907 510 animorum
930 445 1127 510 alacritatem
1150 444 1337 509 continere?

246 560 280 610 24
298 547 498 612 Militantium
532 568 591 612 nec
621 546 797 631 indignatio
830 569 890 613 nec
924 548 1046 614 laetitia
1078 547 1243 613 moderata
1258 615 1263 620 ,
1277 553 1336 612 est.

298 651 350 716 Ad
372 672 480 716 omnes
503 652 637 716 affectus
659 652 780 737 impetu
806 653 955 737 rapimur.
990 653 1214 737 Vituperamus
1230 651 1338 716 lauda-

298 776 377 837 muS,
411 756 596 821 miseremur
629 756 802 838 irascimur,
842 764 1012 840 utcumque
1049 776 1202 842 praesens
1239 755 1339 820 morit

235 889 238 894 ¹
298 860 434 926 affectio.
482 859 576 925 Modo
606 858 731 924 Indiam
760 860 848 926 adire
880 869 912 926 et
934 861 1096 926 Oceanum
1126 861 1212 942 libet,
1244 859 1338 924 modo

299 965 472 1048 coniugum
505 971 536 1029 et
569 964 741 1029 liberorum
779 965 964 1050 patriaeque
1000 965 1153 1030 memoria
1190 963 1336 1030 occurrit.

247 1079 280 1130 25
301 1069 365 1135 Sed
388 1069 446 1134 bas
470 1069 686 1152 cogitationen,
714 1069 773 1135 has
796 1069 878 1135 inter
900 1089 935 1134 se
969 1069 1217 1152 colloquentium
1239 1086 1336 1133 voces

298 1174 425 1257 signum
448 1174 525 1238 tuba
547 1173 655 1238 datum
677 1171 764 1238 finit:
795 1173 827 1238 in
858 1193 931 1239 suos
962 1173 1095 1256 quisque
1119 1172 1246 1238 ordines
1272 1192 1339 1238 cur-

299 1279 403 1358 rimus,
428 1285 467 1358 et,
493 1276 642 1360 quicquid
663 1277 780 1344 irarum
802 1278 835 1342 in
849 1279 1056 1344 tabernaculo
1073 1285 1261 1362 conceptum
1277 1283 1337 1358 est,

298 1383 331 1446 in
353 1382 491 1447 hostium
520 1380 692 1447 effunditur
718 1383 833 1468 capita.
881 1381 1013 1448 Utinam
1036 1381 1178 1448 Philotas
1212 1401 1337 1464 quoque

247 1504 281 1554 ao
299 1488 380 1551 intra
401 1487 500 1552 verba
514 1487 696 1571 peccasset!
734 1486 870 1553 Proinde
886 1487 928 1552 ad
944 1486 978 1552 id
993 1494 1186 1572 praevertat,
1211 1492 1339 1572 propter

300 1590 385 1675 quod
414 1591 461 1655 rei
491 1610 607 1655 sumus.
653 1589 843 1673 Amicitiam,
875 1612 956 1676 quae
986 1591 1077 1657 nobis
1107 1612 1179 1656 eum
1210 1590 1370 1664 Philota4

299 1694 368 1777 fuit,
408 1695 489 1760 adeo
523 1714 587 1758 non
621 1714 659 1760 eo
693 1694 819 1776 infitias,
855 1703 890 1760 ut
928 1696 1087 1780 expetisse
1121 1715 1247 1780 quoque
1281 1713 1340 1760 nos

248 1816 282 1866 27
299 1819 497 1883 magnosque
521 1820 561 1864 ex
584 1820 623 1864 ea
645 1798 768 1865 fruetus
790 1799 972 1885 percepisse
997 1799 1156 1866 confitear.
1193 1799 1244 1864 An
1263 1819 1340 1864 vero

299 1903 526 1984 Parmenionis,
554 1924 648 1986 quern
670 1903 727 1969 tibi
758 1904 936 1988 proximum
966 1925 1036 1969 esse
1059 1903 1197 1985 voluisti,
1229 1903 1338 1984 filium,

299 2028 408 2073 omnes
431 2027 532 2092 paene
554 2007 674 2072 amicos
697 2014 768 2072 tuos
796 2007 983 2092 dignatione
1005 2008 1197 2089 vincentem,
1223 2008 1341 2072 cultum

250 2127 322 2178 aaa
354 2112 445 2177 nobis
476 2131 547 2176 esse
576 2109 727 2176 miraris?
771 2111 821 2176 Tu
851 2111 1007 2193 hercules,
1040 2112 1066 2177 si
1097 2132 1207 2177 verum
1230 2109 1340 2176 audire

300 2216 357 2296 vis,
380 2237 446 2296 rex,
470 2214 564 2280 huius
586 2214 678 2280 nobis
701 2215 835 2301 periculi
859 2235 894 2280 es
918 2236 1024 2281 eausa.
1062 2215 1141 2294 Quis
1157 2215 1245 2280 enirn
1260 2213 1342 2278 alius

300 2320 414 2401 effecit,
445 2326 480 2384 ut
502 2318 544 2385 ad
567 2317 713 2384 Philotan
744 2319 957 2401 decurrerent,
991 2321 1043 2403 qui
1070 2321 1198 2406 placere
1221 2319 1341 2384 vellent

290 2423 383 2490 tibi?
428 2423 478 2488 Ab
501 2423 555 2486 illo
582 2422 690 2488 traditi
720 2423 762 2488 ad
793 2424 879 2489 hune
910 2424 1046 2506 gradum
1076 2424 1236 2490 amicitiae
1266 2430 1342 2487 tuae

299 2527 511 2594 ascendimus.
546 2527 578 2591 Is
600 2526 687 2612 apud
710 2533 741 2592 te
765 2526 834 2608 fuit,
860 2529 950 2592 cuius
974 2535 1006 2592 et
1028 2528 1166 2612 gratiam
1191 2533 1341 2611 expetere

251 2647 285 2697 29
303 2639 334 2697 et
357 2632 436 2695 iram
459 2630 571 2695 timere
595 2650 771 2714 possemus.
818 2631 869 2696 An
890 2652 955 2697 non
977 2632 1207 2718 propemodum
1230 2633 1266 2695 ia
1288 2638 1343 2696 tua

300 2738 398 2802 verba
423 2735 469 2800 tui
500 2755 609 2801 omnes
640 2742 672 2801 te
701 2743 878 2820 praeeunte
907 2737 1090 2818 iuravimus,
1122 2735 1253 2802 eosdem
1283 2755 1342 2800 nos

300 2841 444 2905 inimicos
474 2839 657 2922 amicosque
691 2839 855 2906 habituros
890 2861 969 2921 esse,
1006 2861 1085 2924 quos
1115 2848 1149 2905 tu
1181 2839 1343 2905 haberes?

300 2945 370 3009 Hoc
401 2950 601 3009 sacramento
632 2943 759 3028 pietatis
789 2945 931 3009 obstricti
966 2964 1187 3010 aversaremur
1213 2943 1342 3016 scilicet,

251 3063 398 3131 ecquem
424 3055 459 3112 tu
490 3047 637 3113 omnibus
668 3047 889 3132 praeferebas!
934 3049 1045 3132 Igitur,
1077 3047 1104 3113 si
1134 3047 1195 3112 hoc
1225 3047 1343 3112 crimen

301 3158 359 3233 est,
384 3171 505 3236 paucos
529 3151 714 3216 innocentes
729 3151 839 3233 habes,
864 3151 959 3216 immo
993 3152 1140 3217 hercules
1173 3150 1341 3216 neminem.

300 3255 418 3322 Omnes
441 3255 525 3320 enim
547 3255 692 3321 Philotae
715 3254 809 3320 amici
833 3275 904 3321 esse
923 3256 1100 3336 voluerunt,
1126 3253 1184 3319 sed
1199 3253 1340 3349 totidem,

300 3365 377 3443 quot
408 3360 558 3424 volebant
592 3379 671 3439 esse,
707 3379 770 3423 non
803 3365 958 3444 poterant.
1005 3359 1063 3440 lta,
1100 3359 1128 3424 si
1157 3380 1177 3424 a
1207 3359 1343 3424 consciis

300 3464 420 3529 amicos
445 3483 509 3528 non
532 3462 657 3543 dividis,
682 3484 722 3528 ne
746 3464 786 3528 ab
810 3463 921 3528 amicis
938 3459 1066 3546 quidem
1082 3463 1247 3549 separabis
1262 3461 1342 3544 illos,

249 3582 279 3632 31
301 3567 355 3652 qui
378 3567 464 3632 idem
487 3586 558 3632 esse
582 3567 757 3632 voluerunt.
806 3565 899 3643 Quod
922 3567 1019 3650 igitur
1049 3567 1263 3632 conscientiae
1299 3567 1344 3631 af·

301 3673 402 3738 fertur
423 3669 601 3736 indicium?
646 3671 689 3737 Ut
712 3671 833 3755 opinor,
859 3671 933 3754 quia
962 3671 1066 3755 pridie
1090 3671 1289 3737 familiariter
1311 3677 1344 3737 et

301 3776 368 3840 sine
403 3774 530 3838 arbitris
564 3775 687 3838 locutus
722 3781 770 3838 est
803 3774 984 3839 nobiscum!
1032 3774 1074 3838 At
1108 3793 1170 3856 ego
1205 3793 1343 3858 purgare

301 3899 364 3943 non
387 3897 525 3962 possem,
551 3877 577 3942 si
600 3876 701 3961 pridie
724 3877 892 3960 quicquam
915 3897 955 3943 ex
978 3884 1086 3944 vetere
1109 3877 1175 3943 vita
1197 3898 1236 3942 ae
1258 3899 1345 3943 more
