2976 4322
273 196 334 258 168
660 193 690 259 u.
710 191 818 246 cunm
836 191 924 246 surr

218 415 403 485 coquorum
432 401 515 465 bona
545 420 642 483 opera
672 399 777 480 uteris,
809 397 885 462 inde
916 397 1058 482 perduxi.
1108 396 1192 473 Quid
1214 395 1311 479 igitur

268 505 404 588 iniquius
428 511 476 569 est
510 524 604 586 quam
625 524 685 584 me,
718 503 779 586 qui,
811 503 838 567 si
860 502 917 567 tibi
939 522 1002 566 non
1024 500 1210 585 paruissem,
1241 500 1310 564 iure

269 609 398 674 daturus
428 607 474 672 fui
504 627 632 692 poenas,
668 627 750 672 nuno
781 607 892 692 perire,
928 606 1002 688 quia
1032 603 1149 689 parui?
1194 605 1307 686 Neque

269 713 352 778 enim
381 713 446 777 ulla
475 711 538 776 alia
567 711 659 775 matri
688 717 763 775 tuae
793 709 1004 795 persequendi
1038 729 1095 774 nos
1130 728 1227 774 causa
1257 714 1306 774 est

269 838 363 900 quarn
379 814 464 899 quod
478 815 645 880 utilitatem
661 821 747 879 tuam
763 814 908 880 muliebri
920 812 1162 898 praeposuimus
1175 811 1307 895 gratiae.

216 935 250 984 40
268 932 305 985 Vl
333 920 420 985 milia
454 917 661 984 Macedonum
696 917 838 1002 peditum
872 925 903 982 et
936 927 984 981 Do
1021 917 1143 999 equites
1178 914 1306 996 adduxi,

268 1044 400 1108 quorum
422 1043 496 1107 pars
519 1029 665 1088 secutura
687 1043 737 1087 me
760 1041 823 1086 non
854 1028 930 1102 erat,
963 1021 990 1086 si
1020 1019 1164 1085 militiam
1187 1017 1307 1084 detrac-

267 1129 407 1212 tantibus
437 1127 602 1210 indulgere
633 1126 810 1191 voluissem.
858 1125 1007 1208 Sequitur
1037 1145 1124 1208 ergo,
1156 1131 1199 1205 ut,
1235 1123 1310 1206 quia

267 1233 322 1298 illa
355 1238 483 1316 propter
516 1230 600 1295 hano
634 1250 763 1296 oausam
796 1230 942 1296 irascitur
975 1229 1077 1310 nobis,
1112 1234 1147 1292 tu
1180 1227 1306 1310 mitiges

267 1343 409 1417 matrem,
434 1336 487 1418 qui
508 1335 575 1400 irae
598 1335 666 1401 eius
687 1355 745 1400 nos
768 1333 934 1400 obtulisti.

727 1527 792 1580 Car.
812 1527 845 1580 ΙΙ.

234 1661 245 1711 1
370 1649 454 1713 Dum
476 1648 557 1714 haec
580 1647 738 1731 Amyntas
761 1647 837 1731 agit,
863 1647 944 1712 forte
970 1653 1227 1732 supervenerunt,
1253 1639 1339 1728 quib

266 1753 398 1818 fratrem
435 1752 504 1818 eius
542 1752 753 1833 Polemonem,
799 1751 839 1817 do
878 1773 938 1834 quo
976 1759 1049 1816 ante
1089 1759 1138 1817 est
1176 1750 1303 1831 dictum,

266 1857 442 1940 fugientem
465 1857 635 1938 consecuti,
660 1856 800 1922 vinetum
822 1856 1025 1922 reducebant.
1054 1855 1175 1921 Infesta
1198 1855 1302 1920 contio

266 1961 321 2027 vix
343 1961 478 2026 inhiberi
501 1961 610 2045 potuit,
636 1960 710 2043 quin
733 1961 877 2045 protinus
900 1980 956 2026 suo
981 1980 1067 2026 more
1092 1980 1170 2025 saxa
1189 1959 1222 2024 in
1237 1980 1310 2025 eum

232 2068 394 2131 aiaceret.
434 2064 539 2148 Atque
561 2065 623 2146 ille,
648 2083 724 2130 sane
747 2065 917 2146 interritus,
945 2065 1071 2146 ‘Nihil’,
1103 2064 1212 2147 inquit,
1240 2066 1310 2149 ‘pro

266 2191 316 2234 me
340 2169 504 2254 deprecor,
535 2169 629 2234 modo
652 2190 692 2234 ne
715 2169 849 2234 fratrum
878 2169 1077 2234 innocentiae
1104 2169 1183 2252 fuga
1205 2169 1300 2253 impu·

266 2281 350 2340 tetur
379 2294 466 2339 mea:
498 2273 578 2340 haec
608 2273 634 2339 si
665 2272 795 2338 defendi
824 2293 887 2338 non
916 2279 1029 2358 potest,
1063 2293 1167 2338 meum
1190 2273 1310 2338 crimen

266 2378 315 2443 sit.
363 2377 484 2442 Horum
507 2378 547 2443 ob
570 2377 604 2442 id
632 2377 737 2462 ipsum
767 2376 879 2442 melior
908 2383 957 2442 est
987 2397 1092 2458 causa,
1125 2375 1210 2459 quod
1233 2396 1305 2459 ego,

233 2496 248 2545 3
267 2482 320 2565 qui
342 2481 480 2566 profugi,
512 2488 678 2566 suspectus
702 2483 796 2546 sum’.
843 2481 886 2546 At
908 2482 990 2546 haee
1014 2483 1137 2546 elocuto
1160 2481 1308 2547 universa

267 2586 372 2651 contio
406 2605 538 2651 assensa
572 2592 636 2650 est:
671 2585 821 2650 lacrimae
852 2586 967 2651 deinde
998 2586 1142 2652 omnibus
1178 2605 1308 2650 manare

268 2696 449 2775 coeperunt,
473 2689 554 2754 adeo
578 2690 611 2754 in
641 2690 831 2755 contrarium
853 2697 984 2775 repente
1014 2690 1150 2770 mutatis,
1182 2697 1217 2754 ut
1247 2689 1309 2754 hoc

233 2807 250 2856 4
269 2795 370 2860 solum
392 2814 450 2879 pro
473 2814 511 2858 eo
535 2801 626 2875 esset,
652 2794 736 2876 quod
758 2794 894 2860 maxime
917 2795 1063 2860 laeserat.
1098 2794 1226 2860 Iuvenis
1241 2801 1309 2859 erat

266 2899 367 2984 primo
399 2899 514 2964 aetatis
543 2897 620 2964 flore
652 2899 837 2984 pubescens,
870 2920 964 2982 quem
992 2899 1074 2964 inter
1104 2899 1226 2981 equites
1248 2905 1310 2963 tor·

265 3003 380 3068 mentis
410 3002 556 3068 Philotae
591 3005 795 3069 conturbatos
824 3004 947 3070 alienus
979 3011 1080 3069 terror
1117 3004 1308 3069 abstulerat:

267 3106 426 3172 desertum
450 3127 522 3171 eum
552 3129 573 3172 a
603 3107 769 3173 comitibus
800 3115 832 3173 et
862 3108 1073 3174 haesitantem
1102 3107 1183 3172 inter
1207 3128 1310 3173 rever·

267 3210 353 3275 tendi
384 3210 592 3294 fugiendique
624 3211 797 3294 consilium,
830 3213 883 3295 qui
914 3213 1014 3279 secuti
1046 3219 1143 3294 erant,
1176 3233 1310 3298 occupa-

233 3321 389 3380 5verunt.
435 3315 467 3380 Is
490 3322 557 3380 tum
579 3314 656 3380 flere
683 3316 788 3401 coepit
819 3323 850 3382 et
881 3337 916 3382 os
946 3338 1037 3382 suum
1067 3317 1305 3400 converberare,

267 3426 406 3484 maestus
429 3439 492 3483 non
516 3439 606 3484 suam
628 3419 739 3500 vicem,
772 3419 830 3486 sed
853 3428 982 3506 propter
1004 3421 1108 3506 ipsum
1131 3420 1308 3506 periclitan-

232 3523 345 3587 6tium
367 3522 508 3587 fratrum.
545 3523 751 3606 Moveratque
775 3524 838 3589 iam
860 3545 971 3608 regern
994 3545 1126 3608 quoque,
1150 3545 1214 3590 non
1237 3547 1308 3591 con-

266 3627 384 3692 tionem
399 3626 502 3707 modo,
516 3627 573 3691 sod
596 3648 675 3693 unus
692 3635 758 3694 erat
773 3628 981 3712 implacabilis
1004 3629 1111 3711 frater,
1137 3629 1200 3712 qui,
1220 3630 1307 3694 terri-

266 3731 322 3796 bili
351 3731 440 3795 vultu
462 3731 586 3796 intuens
617 3751 697 3812 eum,
725 3732 845 3813 ‘Tum',
876 3733 928 3813 ait,
956 3732 1108 3814 ‘demens
1140 3732 1306 3799 lacrimare

269 3835 434 3916 debueras,
459 3855 530 3900 cum
553 3856 634 3918 equo
658 3836 794 3901 calcaria
817 3836 978 3918 subderes,
1010 3837 1141 3902 fratrum
1164 3835 1308 3904 desertor
