2976 4322
414 214 664 270 HISTORIARUM
681 212 896 267 ALEXANDRI
915 213 965 266 Vll
987 216 1008 266 1,
1171 216 1232 280 161

195 430 375 488 mutassem.
422 421 515 487 Nunc
537 441 622 502 vero,
647 420 683 502 si,
707 427 741 486 ut
763 421 908 487 omnibus
931 420 1053 503 diebus,
1084 422 1138 487 illo
1161 443 1234 505 quo-

196 547 268 610 que,
286 527 339 610 qui
355 531 522 611 suspectus
539 531 595 606 est,
613 524 758 606 fecimus,
775 525 973 592 consuetudo
989 524 1089 591 diluet
1104 527 1232 592 crimen.

164 631 264 707 bSed
301 649 400 714 equos
434 629 610 714 Antiphani
633 648 695 693 non
731 628 886 712 dedimus,
921 636 961 711 et,
997 629 1100 715 pridie
1139 651 1234 714 quam
1253 645 1287 695 32

195 728 340 801 Philotas
374 733 519 800 detectus
554 739 610 813 est,
645 731 719 798 hinc
753 733 832 798 mihi
865 753 937 800 cum
967 733 1150 820 Antiphane
1183 754 1235 800 res

195 841 279 905 erat!
312 838 375 916 Qui
405 838 432 904 si
462 856 521 902 nos
553 845 719 923 suspectos
748 837 857 904 facere
886 839 962 919 vult,
987 837 1072 921 quod
1097 838 1152 904 illo
1182 838 1234 904 die

194 963 293 1027 equos
316 962 380 1007 non
405 941 597 1023 dederimus,
628 942 842 1026 semetipsum,
875 943 960 1026 quod
990 962 1045 1008 eos
1077 942 1235 1008 desidera-

193 1048 282 1128 verit,
313 1066 452 1132 purgare
482 1066 546 1112 non
579 1047 703 1131 poterit.
749 1046 879 1132 Anceps
912 1045 997 1111 onim
1030 1047 1149 1112 crimen
1183 1054 1234 1113 ost
1252 1061 1286 1112 33

194 1152 276 1217 inter
308 1151 497 1216 retinentem
530 1157 562 1216 et
592 1150 785 1234 exigentem,
827 1150 889 1216 nisi
923 1149 1008 1234 quod
1041 1150 1152 1216 melior
1185 1155 1235 1217 est

194 1275 292 1322 eausa
330 1274 424 1322 suum
461 1275 526 1321 non
563 1254 718 1320 tradentis
756 1275 851 1338 quam
880 1255 1042 1341 poscentis
1078 1255 1231 1320 alienum!

195 1360 353 1441 Ceterum,
376 1380 442 1440 rex,
467 1377 565 1442 equos
588 1358 699 1424 decem
721 1359 837 1425 habui:
862 1379 880 1425 c
904 1359 1019 1443 quibus
1033 1358 1233 1444 Antiphanes
1252 1373 1285 1424 34

193 1473 265 1531 octo
295 1465 360 1529 iam
390 1464 594 1530 distribuerat
623 1464 671 1545 iis,
704 1463 759 1546 qui
788 1464 959 1530 amiserant
989 1482 1071 1546 suos,
1106 1464 1232 1529 omnino

193 1569 273 1634 duos
304 1568 373 1656 ipse
403 1569 578 1634 habebam:
611 1588 690 1650 quos
721 1587 793 1633 cum
822 1568 919 1633 vellet
948 1567 1107 1634 abducere
1136 1568 1232 1634 homo

193 1673 447 1758 superbissimus,
487 1679 572 1737 certe
606 1671 832 1754 iniquissimus,
870 1669 931 1737 nisi
964 1671 1065 1757 pedes
1096 1672 1232 1738 militare

192 1778 315 1856 vellem,
338 1775 474 1840 retinere
496 1776 644 1858 cogebar.
690 1775 760 1840 Nec
783 1775 899 1841 infitias
926 1796 965 1841 eo
987 1775 1080 1841 liberi
1095 1776 1232 1842 hominis
1250 1790 1283 1841 35

191 1880 296 1945 animo
318 1881 459 1944 locutum
482 1897 554 1944 esse
576 1900 628 1944 me
659 1899 730 1944 cum
760 1879 968 1962 ignavissimo
998 1887 1029 1945 et
1051 1880 1113 1944 hoc
1135 1901 1231 1945 unum

190 1984 320 2049 militiae
342 1983 392 2048 ius
414 1989 601 2068 usurpante,
632 1990 668 2047 ut
690 1983 811 2048 alienos
842 2004 940 2067 equos
962 1984 1148 2069 pugnaturis
1171 1983 1231 2049 dis-

190 2088 316 2154 tribuat.
363 2087 435 2152 Huc
459 2087 543 2152 enim
566 2089 720 2152 malorum
742 2095 872 2153 ventum
895 2096 952 2171 est,
983 2095 1018 2154 ut
1039 2089 1138 2154 verba
1158 2110 1231 2154 mea

190 2192 304 2258 eodem
338 2198 480 2276 tempore
515 2198 547 2256 et
581 2191 764 2257 Alexandro
797 2213 947 2258 excusem
980 2200 1012 2259 et
1045 2192 1228 2278 Antiphani.

189 2296 232 2361 At
265 2297 410 2362 hercules
444 2302 545 2361 mater
568 2295 608 2361 de
631 2297 730 2377 nobis,
743 2297 878 2363 inimicis
898 2298 970 2380 tuis,
983 2298 1124 2383 scripsit!
1157 2298 1224 2363 Uti·
1243 2312 1277 2362 36

189 2422 262 2465 nam
284 2399 470 2484 prudentius
501 2407 586 2465 esset
616 2401 752 2466 sollicita
781 2422 839 2486 pro
870 2401 934 2467 lilio
965 2409 997 2467 et
1026 2423 1089 2467 non
1118 2402 1229 2468 inanes

188 2525 313 2589 quoque
336 2505 459 2590 species
482 2504 578 2569 anxio
600 2505 705 2570 animo
728 2506 894 2588 figuraret!
932 2506 1037 2583 Quare
1060 2507 1144 2572 enim
1165 2528 1229 2572 non

187 2609 317 2676 ascribit
345 2616 448 2674 metus
479 2609 528 2674 sui
559 2629 697 2691 causam,
730 2609 866 2693 denique
896 2630 959 2675 non
989 2611 1127 2676 ostendit
1157 2631 1229 2676 auc-

187 2713 314 2779 torem?
360 2711 430 2788 Quo
460 2712 547 2778 facto
577 2713 704 2779 dictove
733 2721 842 2779 nostro
876 2721 962 2778 mota
991 2722 1056 2779 tam
1086 2714 1228 2799 trepidas

187 2817 243 2883 tibi
273 2817 394 2882 litteras
424 2815 575 2902 scripsit?
622 2814 654 2884 0·
680 2818 827 2884 miseram
861 2817 1079 2884 condicionem
1109 2839 1221 2900 meam,
1243 2831 1276 2882 37

187 2921 261 3004 quia
282 2921 414 2987 forsitan
436 2941 500 2986 non
530 2921 736 3006 periculosius
768 2929 816 2988 est
845 2929 951 2988 tacere
983 2943 1076 3004 quam
1100 2922 1223 2987 dicere!

187 3025 251 3092 Sed
281 3032 450 3108 utcumque
481 3045 609 3092 cessura
637 3047 689 3092 res
719 3033 776 3108 est,
807 3028 891 3091 malo
921 3027 978 3091 tibi
1009 3025 1226 3091 defensionem

186 3151 290 3196 meam
313 3130 482 3215 displicere
513 3151 607 3212 quam
637 3152 776 3196 causam.
816 3131 983 3215 Agnosces
1005 3138 1120 3212 autem,
1146 3151 1226 3213 quae

186 3233 327 3299 dicturus
350 3253 436 3299 sum:
469 3235 586 3320 quippe
608 3235 790 3317 meministi,
822 3255 894 3301 cum
916 3257 966 3300 me
989 3235 1032 3301 ad
1054 3235 1227 3320 perducen-

186 3337 244 3404 dos
274 3359 315 3404 ex
345 3337 533 3404 Macedonia
562 3339 677 3405 milites
706 3339 857 3421 mitteres,
890 3339 1008 3404 dixisse
1049 3347 1081 3404 te
1110 3341 1225 3406 multos

186 3442 325 3526 integros
348 3442 479 3508 iuvenes
501 3442 534 3506 in
564 3442 656 3508 domo
685 3449 760 3508 tuae
789 3443 898 3509 matris
919 3442 1081 3509 abscondi.
1129 3441 1222 3508 Prae·
1242 3454 1275 3506 38

186 3546 298 3632 cepisti
328 3545 426 3629 igitur
455 3546 542 3626 mihi,
573 3567 613 3611 ne
644 3567 737 3629 quem
767 3553 895 3630 praeter
924 3553 956 3612 te
985 3547 1131 3627 intuerer,
1167 3547 1224 3611 sed

185 3649 400 3716 detractantes
422 3649 564 3715 militiam
587 3649 793 3735 perducerem
815 3650 858 3714 ad
880 3659 921 3716 te.
961 3650 1054 3728 Quod
1078 3650 1224 3734 equidem

185 3753 247 3820 ieci
282 3761 314 3820 ct
347 3754 476 3820 liberius
510 3774 604 3837 quem
638 3754 830 3839 expediebat
862 3755 940 3819 mihi
970 3761 1122 3820 executus
1152 3775 1221 3820 sum

185 3865 273 3924 tuum
302 3859 478 3944 imperium.
526 3857 677 3942 Gorgiam
707 3867 739 3924 et
769 3859 965 3925 Hecataeum
995 3867 1027 3924 et
1050 3858 1220 3940 Gorgatan,
