3040 4318
402 199 655 256 HISTORIARUM
672 201 889 256 ALEXANDRI
907 202 945 256 Vl
963 206 987 256 6.
1007 205 1031 256 7.
1187 203 1249 267 145

212 405 354 487 gladium
376 405 470 471 modo
501 405 596 487 illius,
631 405 726 472 modo
757 426 814 472 suo
837 408 1011 473 admovens
1033 407 1153 491 iugulo,
1178 427 1248 493 sup·

210 509 285 593 plex
308 509 393 574 idem
423 515 455 574 et
477 508 621 590 infestus,
654 511 818 594 expressit,
842 518 877 575 ut
908 509 1038 577 tandem
1060 531 1124 576 non
1146 512 1247 577 solum

210 613 379 695 silentium,
418 613 475 678 sed
513 613 608 678 etiam
646 633 775 698 operam
819 614 1033 698 polliceretur.
1100 614 1247 699 Namque
1267 629 1299 682 le

210 716 335 782 abunde
367 717 539 783 constantis
570 718 666 782 animi
696 725 727 782 ct
757 718 882 802 dignus,
918 719 971 802 qui
993 719 1127 804 pudicus
1151 727 1244 802 esset,

209 820 289 886 nihil
312 841 352 886 ex
367 822 499 905 pristina
514 821 676 887 voluntate
691 829 878 904 mutaverat,
904 822 961 888 sed
977 830 1104 907 captum
1128 824 1246 908 Dymni

208 946 315 990 amore
338 926 509 992 simulabat
539 925 618 990 nihil
641 945 800 994 recusare.
847 927 1010 992 Sciscitari
1032 927 1107 992 inde
1130 928 1244 1012 pergit,
1267 943 1298 994 14

208 1050 280 1094 eum
318 1029 431 1112 quibus
465 1037 574 1095 tantae
608 1031 655 1094 rei
689 1029 876 1096 societatem
909 1031 1038 1096 inisset:
1076 1033 1246 1117 plurimum

206 1133 335 1215 referre,
352 1134 462 1217 quales
477 1135 536 1199 viri
553 1143 618 1199 tam
633 1133 831 1199 memorabili
847 1135 935 1219 operi
958 1135 1116 1201 admoturi
1131 1157 1244 1201 manus

207 1244 322 1302 essent.
378 1238 438 1302 Ille
472 1244 503 1303 et
537 1259 644 1304 amore
678 1244 710 1302 et
748 1239 868 1303 scelere
902 1239 985 1303 male
1020 1259 1116 1304 sanus
1150 1240 1243 1305 simul
1264 1255 1296 1307 15

206 1342 327 1427 gratias
349 1341 425 1426 agit,
450 1342 543 1407 simul
567 1342 754 1425 gratulatur,
784 1342 870 1425 quod
892 1343 1072 1408 fortissimis
1095 1343 1244 1408 iuvenum

205 1465 268 1510 non
291 1445 469 1511 dubitasset
491 1466 526 1511 se
549 1446 734 1529 adiungere,
758 1447 932 1529 Demetrio,
954 1448 1096 1532 corporis
1120 1447 1243 1512 custodi

204 1549 371 1632 Peucolao,
410 1550 579 1615 Nicanori:
618 1550 718 1616 adicit
754 1551 806 1616 his
850 1551 1063 1635 Aphobetum,
1109 1552 1242 1632 Iolaum,

147 1660 192 1732 26
206 1655 396 1736 Dionenum,
430 1655 646 1740 Archepolim,
685 1656 866 1740 Amyntam.
913 1657 963 1722 Ab
997 1658 1059 1722 hoo
1097 1676 1242 1723 sermone
1262 1672 1294 1724 16

203 1759 351 1825 dimissus
375 1760 589 1825 Nicomachus
605 1761 648 1825 ad
663 1759 795 1825 fratrem
814 1799 857 1807 —
872 1761 1026 1826 Cebalino
1043 1767 1111 1826 erat
1125 1782 1242 1827 nomen

201 1901 244 1908 —
268 1883 349 1946 quae
372 1869 551 1949 acceperat,
577 1863 690 1929 defert.
737 1864 847 1930 Placet
870 1865 975 1949 ipsum
1006 1865 1178 1930 subsistere
1207 1866 1241 1929 in

200 1967 417 2049 tabernaculo,
441 1989 491 2050 ne,
517 1968 543 2032 si
565 1969 688 2052 regiam
710 1969 867 2050 intrasset,
895 1989 958 2034 non
980 1977 1126 2034 assuetus
1150 1968 1239 2034 adire

199 2091 319 2153 regem,
354 2073 508 2137 coniurati
541 2073 684 2157 proditos
718 2093 753 2138 se
787 2093 859 2139 esse
891 2074 1110 2139 resciscerent.
1163 2075 1291 2160 Ipse17

201 2173 372 2242 Cebalinus
409 2184 484 2242 ante
526 2177 718 2242 vestibulum
751 2177 860 2260 regiae
895 2216 938 2224 —
971 2198 1073 2260 neque
1108 2180 1238 2263 propius

199 2279 304 2346 aditus
339 2280 368 2345 ei
402 2280 532 2365 patebat
562 2281 784 2363 -consistit,
819 2281 990 2367 opperiens
1023 2282 1161 2365 aliquem
1197 2303 1238 2347 ex

197 2383 300 2469 prima
330 2384 460 2450 cohorte
484 2385 667 2466 amicorum,
701 2387 754 2469 qui
777 2385 1030 2452 introduceretur
1052 2385 1095 2450 ad
1116 2407 1236 2470 regem.

197 2489 290 2552 Forte
314 2489 428 2554 ceteris
452 2489 591 2554 dimissis
614 2509 696 2554 unus
719 2489 872 2571 Philotas,
908 2489 1128 2556 Parmenionis
1150 2490 1235 2556 filius
1256 2511 1288 2561 18

196 2630 239 2638 —
267 2593 422 2658 incertum
452 2614 546 2675 quam
577 2595 617 2659 ob
652 2613 782 2658 eausam
805 2631 846 2640 —
871 2595 1056 2660 substiterat
1078 2595 1111 2660 in
1134 2595 1233 2678 regia.

194 2697 277 2762 Huic
301 2695 469 2763 Cebalinus
493 2719 547 2764 ore
570 2697 704 2764 confuso
720 2719 857 2782 magnae
873 2699 1122 2783 perturbationis
1142 2707 1236 2765 notas

194 2821 272 2885 prae
295 2821 330 2867 se
353 2802 461 2867 ferens
483 2801 595 2887 aperit,
620 2823 702 2885 quae
719 2825 766 2878 ex
779 2802 878 2868 fratre
893 2811 1100 2888 compererat,
1121 2812 1153 2868 et
1169 2804 1236 2869 sine

194 2905 344 2973 dilatione
373 2908 511 2972 nuntiari
540 2908 609 2990 regi
642 2907 741 2974 iubet.
796 2907 941 2974 Philotas
978 2908 1161 2974 collaudato
1196 2930 1234 2975 co
1256 2935 1288 2986 19

193 3013 334 3097 protinus
368 3013 465 3078 lntrat
498 3013 541 3078 ad
573 3013 791 3079 Alexandrum
824 3016 984 3097 multoque
1018 3014 1154 3079 invicem
1192 3015 1233 3080 de

192 3118 262 3183 aliis
292 3119 386 3184 rebus
417 3138 563 3184 sermone
594 3126 782 3203 consumpto
812 3119 892 3184 nihil
926 3141 1042 3200 eorum,
1079 3141 1160 3202 quae
1192 3142 1232 3185 ex

193 3222 347 3290 Cebalino
371 3231 574 3307 cognoverat,
600 3225 733 3290 nuntiat.
773 3224 839 3290 Sub
858 3245 1026 3310 vesperam
1042 3246 1114 3292 eum
1137 3226 1230 3311 prod·
1250 3246 1285 3297 20

193 3335 321 3393 euntem
354 3328 388 3393 in
421 3328 580 3394 vestibulo
614 3329 723 3412 regiae
753 3330 872 3414 excipit
905 3330 1037 3410 iuvenis,
1073 3352 1115 3395 an
1145 3351 1230 3395 man-

193 3431 301 3497 datum
324 3440 477 3498 executus
500 3433 592 3512 foret,
616 3434 789 3516 requirens.
836 3435 896 3498 Ille
924 3456 986 3499 non
1009 3453 1143 3500 vacasse
1167 3453 1230 3499 ser·
1249 3455 1280 3504 21

191 3537 275 3601 moni
298 3555 356 3602 suo
390 3557 500 3620 regem
524 3544 673 3602 causatus
696 3537 852 3604 discessit.
896 3540 1032 3613 ¹Postero
1056 3538 1108 3602 dic
1131 3538 1230 3603 Ceba·
1283 3575 1285 3584 ν

191 3643 273 3708 linus
305 3642 445 3708 venienti
475 3643 509 3706 in
537 3642 659 3725 regiam
693 3651 821 3728 praesto
852 3651 900 3708 est
923 3643 1153 3725 intrantemque
1176 3643 1229 3708 ad-

190 3754 297 3814 monet
327 3747 430 3832 pridie
461 3749 712 3813 communicatae
736 3769 807 3812 cum
830 3748 901 3832 ipso
923 3748 978 3812 rei.
1024 3748 1095 3834 ¹Ille
1130 3768 1226 3813 curae

188 3852 248 3916 sibi
282 3871 352 3917 esse
382 3853 571 3937 respondet:
615 3874 653 3918 ac
684 3874 724 3918 ne
757 3861 825 3918 tum
867 3850 994 3935 quidem
1029 3853 1107 3933 regi,
1143 3873 1225 3934 quae

243 3990 342 4036 Curtius
356 3991 432 4036 [tulus
447 4003 495 4038 vou
510 3992 634 4045 Stangl.
1092 3979 1124 4032 10
