2970 4322
272 205 336 268 272
659 205 689 272 Q.
710 205 817 259 OURTI
836 205 923 258 RUFI

271 413 367 478 fidem
384 413 525 495 acceptis
540 411 772 478 validissimam
788 411 893 496 gentis
913 412 1023 477 urbem
1046 411 1192 476 cuniculo
1217 410 1313 495 cepit.

221 527 254 578 14
273 516 423 582 Barbaris
457 516 560 582 simile
586 515 716 582 monstri
746 516 850 582 visum
880 522 937 597 cst,
968 515 1101 581 rudibus
1131 513 1316 578 militarium

272 641 419 707 operum:
450 620 571 706 quippe
593 621 625 686 in
649 619 755 687 media
777 621 879 686 ferme
900 620 979 685 urbe
1002 618 1115 684 armati
1137 625 1224 683 terra
1250 618 1316 683 exi-

222 735 253 786 15
273 725 408 807 mebant,
433 725 520 790 nullo
544 725 672 791 suffossi
694 743 809 810 specus
832 730 906 790 ante
928 723 1067 806 vestigio
1090 723 1184 788 facto.
1214 731 1316 784 LXXX

271 829 358 894 milia
373 830 524 895 Indorum
546 830 580 894 in
603 851 642 895 ea
664 829 795 912 regione
819 848 913 894 caesa
927 825 1108 892 Clitarchus
1131 832 1315 903 emanator,

221 943 253 994 16
272 934 452 1016 multosque
483 933 627 1019 captivos
658 930 716 998 sub
747 952 864 999 corona
893 931 1029 998 venisse.
1075 931 1194 995 Rursus
1218 928 1317 994 Musi-

272 1038 343 1103 cani
359 1037 561 1104 defecerunt:
578 1037 620 1102 ad
635 1057 715 1120 quos
731 1035 958 1123 opprimendos
981 1036 1096 1100 missus
1119 1041 1168 1100 est
1184 1034 1314 1114 Pithon,

272 1142 327 1225 qui
364 1149 491 1226 captum
528 1142 704 1227 principem
742 1140 847 1224 gentis
884 1140 1084 1222 eundemque
1122 1134 1313 1204 defectionis

272 1253 437 1312 auctorem
460 1245 593 1311 adduxit
615 1246 657 1311 ad
680 1266 797 1328 regem.
837 1243 908 1321 Quo
923 1242 1108 1308 Alexander
1130 1242 1163 1306 in
1186 1262 1316 1308 crucem

273 1350 397 1415 sublato
431 1370 540 1416 rursus
573 1370 708 1430 amnem,
742 1350 775 1413 in
808 1369 869 1433 quo
904 1349 1041 1413 classem
1075 1353 1246 1432 expectare
1281 1367 1317 1412 se

271 1454 419 1535 iusserat,
442 1453 567 1539 repetit.

222 1567 254 1617 17
377 1557 498 1635 Quarto
514 1557 630 1623 deinde
646 1556 698 1622 die
714 1556 855 1622 secundo
877 1576 971 1621 amne
993 1555 1138 1641 pervenit
1161 1553 1203 1618 ad
1225 1555 1316 1647 oppi-

273 1663 358 1742 dum,
389 1663 475 1745 quod
505 1662 537 1727 in
567 1682 665 1745 regno
696 1663 760 1726 inco
790 1668 858 1726 erat
885 1659 1001 1726 Sambi.
1054 1659 1165 1744 Nuper
1196 1677 1231 1722 se
1260 1658 1316 1724 illc

273 1765 447 1847 dediderat,
480 1765 538 1832 scd
560 1765 713 1850 oppidani
737 1761 958 1830 detractabant
988 1763 1154 1848 imperium
1177 1769 1209 1828 et
1232 1762 1317 1827 clau·

222 1879 255 1930 18
274 1877 381 1936 serant
417 1878 534 1955 portas.
601 1868 743 1946 Quorum
781 1870 943 1954 paucitate
981 1874 1164 1952 contempta
1203 1888 1262 1932 rex
1292 1877 1317 1930 D

273 1974 431 2058 Agrianos
455 1975 581 2040 moenia
604 1975 712 2040 subire
734 1973 825 2038 iussit
848 1980 880 2038 et
903 1973 1021 2038 sensim
1047 1972 1234 2038 recedentes
1259 1972 1314 2036 eli·

274 2097 346 2145 cere
369 2084 459 2143 extra
482 2098 589 2142 muros
612 2079 746 2159 hostem,
766 2084 950 2143 secuturum
972 2075 1126 2161 profecto,
1150 2075 1178 2140 si
1200 2075 1315 2158 fugere

223 2191 256 2242 19
274 2201 329 2246 cos
353 2181 505 2248 crederet.
552 2182 694 2266 Agriani,
726 2182 807 2247 sicut
836 2181 1028 2264 imperatum
1058 2187 1135 2261 erat,
1165 2179 1317 2244 lacessito

274 2285 366 2350 hoste
396 2285 502 2351 subito
532 2293 623 2371 terga
652 2292 830 2352 verterunt:
868 2305 947 2368 quos
977 2283 1105 2350 barbari
1140 2283 1240 2349 effuse
1271 2304 1317 2350 se·

274 2394 409 2473 quantes
439 2389 471 2452 in
502 2389 591 2471 alios,
626 2391 710 2455 inter
740 2409 820 2473 quos
854 2389 924 2474 ipsc
958 2411 1015 2454 rex
1048 2395 1126 2470 erat,
1159 2387 1316 2453 incidunt.

273 2493 438 2559 Renovato
469 2514 546 2577 ergo
580 2495 700 2580 proelio
732 2515 773 2560 ex
802 2505 841 2557 111
872 2493 1000 2559 milibus
1033 2493 1241 2558 barbarorum
1270 2503 1318 2556 Dc

277 2589 473 2680 caesi'sunt,
503 2598 590 2664 mille
621 2599 716 2682 eapti,
748 2597 843 2664 ceteri
873 2597 1041 2663 moenibus
1071 2597 1159 2662 urbis
1189 2596 1317 2662 inclusi.

222 2711 257 2761 2ο
275 2700 339 2766 Sed
362 2721 424 2766 non
447 2708 481 2765 ut
504 2702 605 2787 prima
628 2702 734 2787 specie
756 2703 843 2767 lacta
865 2701 1007 2783 victoria,
1031 2703 1076 2766 ita
1099 2707 1216 2767 eventu
1239 2721 1316 2784 quo·
1325 2705 1367 2776 33

275 2825 336 2887 que
360 2805 430 2885 fuit,
455 2805 573 2890 quippe
596 2806 722 2871 barbari
744 2826 868 2872 veneno
891 2806 1052 2872 tinxerant
1075 2805 1210 2888 gladios.
1254 2807 1318 2870 Ita-

275 2928 337 2991 que
360 2908 461 2972 saucii
485 2909 619 2976 subinde
643 2909 840 2994 expirabant,
873 2929 931 2976 nec
955 2916 1141 2975 causatum
1168 2916 1318 2974 strenuae

275 3011 385 3077 mortis
416 3013 590 3096 excogitari
620 3019 745 3098 poterat
774 3036 794 3078 a
824 3014 965 3094 medicis,
999 3035 1071 3079 cum
1102 3013 1196 3078 ctiam
1226 3013 1317 3078 leves

222 3129 254 3178 21
274 3116 391 3200 plagae
413 3118 609 3184 insanabiles
639 3126 754 3184 esseut.
809 3119 943 3183 Barbari
973 3125 1080 3184 autem
1110 3126 1319 3203 speraverant

273 3221 436 3285 incautum
459 3228 490 3286 11
513 3222 714 3287 temerarium
737 3242 846 3306 regem
870 3222 976 3308 excipi
1002 3242 1105 3308 posse.
1159 3223 1200 3286 Et
1221 3221 1315 3306 forte,

222 3335 256 3385 22
274 3323 356 3388 inter
378 3325 629 3409 promptissimos
653 3326 819 3405 dimicans,
845 3327 983 3391 intactus
1014 3332 1169 3392 evaserat.
1223 3326 1319 3390 Prae-

274 3428 367 3512 cipue
382 3429 594 3511 Ptolomaeus,
617 3431 710 3494 lacvo
734 3430 866 3495 humero
889 3430 1003 3496 leviter
1026 3429 1155 3512 quidem
1178 3430 1317 3511 saucius,

274 3531 331 3597 sed
353 3534 472 3598 maiore
507 3534 648 3617 periculo
676 3553 771 3616 quam
802 3535 934 3600 vulnere
965 3534 1109 3615 affectus,
1140 3535 1226 3616 regis
1258 3536 1318 3598 sol-

274 3635 471 3701 licitudinem
487 3637 519 3702 in
536 3658 570 3702 se
587 3643 796 3703 converterat.
837 3637 1002 3720 Sanguine
1019 3637 1206 3702 coniunctus
1229 3644 1315 3702 erat:

275 3745 307 3803 et
323 3739 451 3821 quidam
467 3741 615 3826 Philippo
638 3742 781 3824 genitum
804 3761 874 3806 esse
897 3740 1081 3822 credebant,
1105 3747 1190 3806 certe
1213 3741 1317 3825 pelice

224 3853 257 3904 23
277 3841 345 3906 eius
372 3849 474 3908 ortum
500 3843 676 3909 constabat.
721 3843 812 3908 Idem
843 3844 982 3928 corporis
1012 3851 1119 3909 custos
1149 3844 1316 3930 promptis·
