2976 4322
223 231 254 298 Q.
263 230 371 285 GURTI
381 229 469 284 RUFI
479 229 671 284 IHSTORIAR
677 231 729 284 UM
738 230 953 286 ALEXANDRI
961 232 1027 285 VIII
1037 235 1060 286 1.
1116 233 1179 298 203

145 437 229 501 finita
251 436 390 502 defectio
415 443 472 502 est.
518 435 702 503 Alexander
729 458 854 521 quoquc
878 437 1050 522 Sogdianis
1072 459 1179 505 rursus
1198 457 1214 506 v

146 541 281 606 subactis
304 540 499 606 Maracanda
521 541 645 625 repetit.
691 542 741 607 lbi
764 542 894 624 Berdes‚
922 564 1016 626 quem
1038 543 1081 610 ad
1103 543 1180 628 Scy-

145 645 212 709 thas
235 665 330 730 super
345 645 522 729 Bosporum
538 647 678 711 colentes
694 647 831 729 miserat,
857 668 928 712 eum
943 649 1058 731 legatis
1074 649 1179 733 gentis
1199 708 1203 716 .

146 749 293 813 occurrit:
327 748 587 834 Phrataphernes
619 771 752 833 quoque,
784 752 838 834 qui
867 751 1060 817 Chorasmiis
1090 768 1214 837 prae-8

146 859 219 934 crat,
247 853 438 937 Massagetis
462 860 493 919 et
515 854 619 918 Dahis
647 855 814 938 regionum
844 855 978 921 confinio
1001 856 1177 939 adiunctus,

144 959 278 1039 miserat,
310 958 363 1040 qui
386 957 543 1022 facturum
572 959 729 1044 imperata
756 959 989 1044 pollicerentur.
1036 960 1213 1045 Scythae9

144 1062 300 1146 petebant,
331 1068 365 1125 ut
387 1062 474 1145 regis
497 1063 545 1127 sui
567 1061 664 1127 filiam
693 1064 892 1128 matrimonio
923 1065 983 1130 sibi
1013 1065 1176 1148 iungeret:

142 1167 168 1230 si
200 1165 427 1249 dedignaretur
456 1165 651 1248 affinitatem,
683 1168 841 1253 principes
865 1168 1076 1234 Macedonum
1106 1189 1178 1234 cnm

141 1269 327 1354 primoribus
350 1289 426 1334 suae
449 1270 554 1353 gentis
585 1271 720 1336 conubio
751 1272 835 1336 coire
866 1279 1043 1357 pateretur:
1074 1273 1178 1358 ipsum

142 1394 264 1456 quoqne
294 1394 404 1456 regem
431 1379 596 1438 venturum
627 1373 670 1438 ad
700 1395 772 1440 eum
801 1377 1040 1460 pollicebantur.
1087 1377 1230 1443 Utra-,lo

145 1499 203 1560 que
233 1478 394 1561 legatione
424 1477 562 1561 benigne
577 1547 579 1552 ,
593 1478 711 1560 audita,
735 1479 1006 1564 Hephaestionem
1037 1487 1069 1546 et
1090 1481 1178 1546 Arta-

142 1583 253 1647 bazum
287 1581 466 1667 opperiens,
490 1583 607 1648 stativa
641 1582 768 1648 habuit:
807 1583 921 1667 quibus
955 1584 1112 1650 adiunctis
1144 1585 1177 1650 in

138 1685 309 1769 regionem,
334 1706 415 1768 quae
438 1687 616 1771 appellatur
638 1686 781 1768 Bazaira,
805 1687 959 1772 pervenit.
1034 1733 1036 1737 ,

109 1795 130 1866 2
244 1790 405 1854 Barbarae
435 1791 615 1874 opulentiae
645 1791 678 1854 in
706 1791 768 1856 illis
796 1792 875 1856 locis
888 1790 985 1856 haud
1013 1793 1078 1857 nlla
1104 1799 1177 1858 sunt
1196 1807 1226 1856 11

138 1893 258 1958 maiora
301 1893 419 1960 indicia
464 1915 558 1977 quam
602 1895 727 1979 magnis
764 1896 944 1960 nemoribus
982 1897 1175 1979 saltibusque

138 1998 289 2065 nobilium
310 1998 449 2064 ferarum
471 2019 587 2083 greges
611 2000 697 2064 clusi.
735 1999 899 2084 Spatiosas
921 1999 1039 2065 adhoc
1055 2001 1177 2084 eligunt
1196 2013 1228 2063 12

138 2103 242 2183 silvas,
278 2103 396 2168 crebris
429 2105 614 2188 perennium
648 2125 800 2187 aquarum
833 2104 973 2169 fontibus
1007 2125 1174 2170 amoenas:

137 2205 232 2270 muris
269 2227 400 2272 nemora
433 2207 601 2291 cinguntur
637 2215 800 2290 turresque
837 2209 957 2273 hahent
992 2209 1175 2274 venantium

135 2311 346 2396 receptacula.
383 2311 537 2388 Quattuor
551 2313 707 2378 continuis
722 2313 878 2377 aetatibus
893 2311 1046 2377 intactum
1061 2314 1175 2377 saltum
1195 2331 1227 2382 13

135 2411 234 2478 fuisse
258 2415 432 2496 constabat,
461 2437 554 2498 quem
576 2416 760 2482 Alexander
783 2437 854 2480 cum
877 2423 943 2481 toto
968 2417 1109 2482 exercitu
1130 2417 1175 2480 in-

134 2536 265 2599 gressus
295 2519 411 2602 agitari
440 2519 578 2602 undique
613 2521 698 2586 feras
728 2521 826 2586 iussit.
873 2522 961 2586 Inter
994 2541 1072 2604 quas
1103 2542 1174 2586 eum
1195 2540 1226 2588 14

133 2622 186 2686 leo
205 2622 431 2705 magnitudinis
449 2645 539 2688 rarae
554 2625 658 2709 ipsum
673 2646 783 2708 regern
798 2625 964 2690 invasurus
986 2625 1167 2708 incurreret,

132 2725 217 2791 forte
246 2726 466 2811 Lysimachus,
498 2729 551 2811 qui
573 2736 685 2814 postea
707 2729 864 2812 regnavit,
888 2729 1049 2813 proximus
1079 2729 1173 2795 Alex-

132 2830 235 2896 andro
269 2833 461 2898 venabulum
501 2835 627 2899 obicere
662 2833 749 2900 ferae
792 2841 950 2919 coeperat.
1009 2833 1078 2911 Quo
1116 2856 1174 2900 rex

129 2936 262 3019 repulso
286 2943 318 3002 et
340 2937 428 3002 abire
450 2938 535 3003 iusso
559 2938 676 3003 adiecit
698 2946 763 3004 tam
786 2960 806 3003 a
828 2945 929 3004 semet
950 2959 1013 3003 uno
1037 2959 1131 3020 quam
1154 2962 1174 3004 a

130 3039 324 3125 Lysimacho
361 3043 486 3106 leonem
518 3041 650 3107 interfici
683 3062 787 3127 posse.
841 3042 1049 3126 Lysimachus
1087 3044 1223 3115 enim15

130 3145 302 3228 quondam,
335 3166 407 3210 cum
436 3153 626 3211 venarentur
655 3147 687 3210 in
718 3146 820 3230 Syria,
856 3145 1016 3212 occiderat
1045 3147 1173 3229 quidem

129 3251 269 3316 eximiae
303 3251 530 3334 magnitudinis
563 3250 664 3316 feram
699 3253 792 3332 solus,
828 3251 886 3316 sed
915 3253 1007 3316 laevo
1041 3251 1171 3317 humero

127 3375 233 3437 usque
256 3355 298 3420 ad
321 3376 394 3420 ossa
416 3357 555 3421 lacerato
579 3355 621 3420 ad
650 3356 793 3422 ultimum
816 3356 948 3441 periculi
972 3365 1168 3441 pervenerat.

127 3458 172 3523 Id
195 3459 298 3544 ipsum
329 3460 524 3544 exprobrans
555 3461 585 3525 ei
614 3482 671 3526 rex
701 3460 814 3526 fortius
845 3481 939 3543 quam
968 3462 1091 3526 locutus
1122 3469 1170 3527 est
1190 3479 1221 3530 16

126 3563 227 3628 feeit:
261 3585 336 3628 nam
369 3564 471 3630 feram
504 3586 568 3630 non
598 3566 725 3651 excepit
754 3565 858 3647 modo,
894 3565 952 3630 sed
983 3565 1078 3630 etiam
1108 3588 1170 3633 uno

125 3669 263 3734 vulnere
286 3669 411 3734 oceidit.
458 3671 619 3752 Fabulam,
645 3691 726 3753 quae
757 3670 915 3735 obiectum
945 3671 1029 3736 leoni
1052 3692 1072 3735 a
1093 3693 1171 3755 rege
1191 3688 1222 3737 17

124 3772 360 3857 Lysimachum
383 3781 502 3840 temere
523 3776 668 3859 vulgavit
691 3776 732 3840 ab
762 3795 799 3842 eo
845 3795 929 3855 casu,
955 3794 1049 3855 quem
1075 3795 1171 3859 supra

125 3877 279 3960 diximus,
316 3885 416 3944 ortam
447 3899 517 3945 esse
548 3879 745 3945 crediderim.
791 3880 938 3946 Ceterum
967 3879 1168 3962 Macedones,
1191 3893 1223 3944 18
