3040 4318
264 192 326 256 116
648 189 679 256 o.
699 187 808 243 cunm
826 188 914 243 aum

260 404 335 462 tuae
358 395 551 480 copulavere
573 414 631 459 nos
654 400 768 458 tecum.
815 394 877 458 Per
906 393 991 459 banc
1020 395 1115 461 fidem
1145 396 1300 463 invictam

262 521 318 567 oro
352 508 384 565 et
418 500 569 578 obtestor,
604 499 638 563 in
672 498 790 563 nostris
824 498 936 564 castris
966 499 1026 564 tibi
1059 499 1300 567 tabernaculum

262 605 369 686 statui,
395 623 454 669 nos
477 602 619 688 eorporis
634 603 682 667 tui
697 602 845 667 custodes
862 621 932 668 esse
947 603 1090 687 patiaris.
1127 603 1301 672 Omisimus

262 709 440 789 Graeciam,
466 708 555 773 nulla
577 709 694 772 Bactra
724 712 797 772 sunt
827 707 929 788 nobis,
968 728 1042 792 spes
1065 709 1169 774 omnis
1193 711 1226 774 in
1249 717 1310 775 taz,

261 814 382 878 utinam
405 819 438 877 et
460 812 576 877 ceteris
601 813 703 877 esset!
743 810 841 876 Plura
864 810 928 876 dici
952 831 1016 877 non
1039 813 1164 877 attinet.
1191 812 1301 879 Custo-
1384 831 1392 835 ·
1498 811 1499 838 ³

262 918 348 982 diam
371 917 512 1001 corporis
528 916 575 980 tui
590 923 740 981 externus
757 922 788 980 et
803 913 987 998 alienigena
1003 935 1066 980 non
1082 915 1299 1002 deposcerem,

227 1036 243 1084 7
262 1023 289 1087 si
311 1021 473 1086 crederem
496 1021 592 1085 alium
618 1040 712 1104 posse
734 1022 918 1104 praestare?
963 1021 1082 1086 Bessus
1105 1042 1296 1104 quamquam
1308 1023 1349 1094 31

262 1133 330 1191 erat
360 1125 475 1191 Graeci
509 1125 664 1190 sermonis
697 1125 838 1206 ignarus,
875 1129 982 1189 tamen
1012 1125 1199 1191 stimulante
1230 1147 1300 1191 eon·

262 1229 395 1295 scientia
418 1226 571 1294 indicium
593 1228 738 1312 profecto
762 1227 931 1292 Patronem
955 1228 1108 1294 detulisse
1131 1229 1300 1295 credebat:

261 1342 294 1400 et
315 1333 479 1418 interpreti
509 1333 610 1398 relato
641 1351 786 1397 sermone
816 1331 932 1397 Graeci
962 1338 1111 1418 exempta
1140 1332 1299 1400 dubitatio

226 1451 243 1502 8
262 1445 319 1503 est.
363 1438 488 1502 Dareus
511 1443 626 1518 autem,
658 1442 811 1518 quantum
841 1455 881 1499 ex
903 1436 994 1501 vultu
1017 1437 1143 1522 concipi
1166 1444 1300 1524 poterat,

261 1542 349 1607 haud
372 1562 449 1607 sane
470 1541 608 1622 territus,
628 1539 811 1626 percontari
832 1539 972 1605 Patrona
1002 1561 1132 1606 causam
1163 1541 1300 1622 consilii,

261 1646 347 1728 quod
368 1647 506 1727 afferret,
531 1641 644 1730 coepit.
685 1644 754 1726 Ille,
779 1663 843 1708 non
865 1644 948 1708 ultra
971 1645 1181 1710 differendum
1202 1653 1299 1728 ratus,

256 1752 414 1832 ‘Bessus’,
452 1751 563 1833 inquit,
599 1751 644 1814 ‘et
677 1749 884 1813 Nabarzanes
922 1748 1114 1814 insidiantur
1150 1749 1227 1816 tibi:
1265 1750 1299 1816 in

260 1855 371 1920 ultimo
394 1855 578 1920 discrimine
601 1877 631 1918 es
654 1859 685 1918 et
708 1853 854 1932 fortunae
876 1859 951 1919 tuae
974 1860 1006 1918 et
1028 1854 1129 1919 vitae:
1154 1854 1207 1918 hic
1230 1854 1300 1920 dies

226 1966 314 2025 aaut
347 1958 515 2043 parricidis
552 1965 607 2022 aut
643 1957 701 2023 tibi
739 1957 863 2022 futurus
896 1957 1045 2023 ultimus?
1109 1958 1150 2023 Et
1182 1959 1300 2023 Patron

260 2063 386 2147 quidem
432 2064 597 2146 egregiam
642 2061 822 2128 conservati
866 2061 953 2144 regis
998 2061 1133 2144 gloriam
1170 2062 1296 2128 tulerat.

210 2183 242 2232 10
260 2167 400 2233 Eludant
421 2168 505 2249 licet,
531 2167 646 2250 quibus
669 2166 749 2231 forte
771 2172 890 2230 temere
909 2164 1051 2230 humana
1066 2167 1197 2250 negotia
1212 2167 1300 2232 volvi

259 2272 377 2355 agique
413 2291 603 2356 persuasum
640 2277 697 2352 est,
735 2293 799 2334 oca
835 2270 914 2334 serie
951 2291 1098 2352 nexuque
1132 2290 1299 2336 causarum

260 2377 426 2442 latentium
461 2383 493 2441 et
526 2375 625 2440 multo
655 2383 730 2440 ante
761 2374 989 2441 destinatarum
1019 2393 1112 2439 suum
1142 2395 1300 2458 quemque

209 2495 238 2543 11
259 2481 401 2545 ordinem
446 2480 636 2546 immutabili
681 2481 755 2562 lege
799 2499 993 2565 percurrere.
1043 2479 1169 2544 Dareus
1214 2487 1300 2545 certe

259 2584 431 2669 respondit,
456 2605 647 2667 quamquam
670 2585 731 2650 sibi
755 2584 949 2650 Graecorum
971 2583 1107 2649 militum
1127 2583 1208 2650 fides
1223 2591 1300 2648 nota

260 2690 309 2769 sit,
345 2708 516 2772 numquam
550 2696 656 2753 tamen
690 2711 710 2752 a
742 2686 949 2773 popularibus
988 2687 1053 2752 suis
1090 2707 1297 2754 recessurum.

260 2794 436 2860 Difficilius
470 2794 531 2859 sibi
565 2813 637 2859 esse
667 2793 820 2858 damnare
851 2813 946 2875 quam
977 2792 1091 2877 decipi.
1140 2791 1299 2876 Quicquid

261 2898 327 2962 fors
350 2898 483 2979 tulisset,
513 2899 594 2962 inter
616 2917 692 2963 suos
714 2896 838 2981 perpeti
861 2895 957 2960 malle
981 2917 1075 2978 quam
1098 2897 1300 2980 transfugam

260 3002 336 3066 fieri.
379 3003 456 3073 ,Sero
479 3023 514 3067 se
537 3003 649 3086 perire,
675 3003 702 3067 si
725 3001 849 3066 salvum
873 3021 945 3066 esse
959 3001 1078 3066 milites
1094 3002 1143 3067 sui
1167 3001 1296 3067 nollent.

131 3133 133 3138 ¹
210 3121 241 3168 12
260 3106 377 3170 Patron
400 3106 569 3191 desperata
598 3106 685 3188 regis
716 3106 819 3170 salute
842 3105 885 3169 ad
907 3125 972 3186 eos,
1004 3105 1118 3188 quibus
1142 3113 1298 3190 praeerat,

259 3209 361 3291 rediit,
386 3209 492 3274 omnia
514 3231 572 3294 pro
595 3209 658 3275 fide
681 3208 818 3294 experiri
842 3215 982 3293 paratus.

710 3401 775 3454 Car.
794 3400 853 3453 XII.

226 3536 239 3584 1
362 3520 405 3585 At
427 3521 545 3586 Bessus
575 3520 743 3586 occidendl
772 3521 916 3605 protinus
945 3521 1033 3604 regis
1062 3519 1214 3606 impetum
1241 3519 1343 3590 ce-3'2

260 3632 359 3710 perat.
408 3623 474 3689 Sed
495 3624 624 3704 veritus,
655 3645 696 3688 ne
726 3624 862 3706 gratiam
885 3623 1073 3706 Alexandri,
1104 3623 1167 3690 nisi
1189 3623 1298 3690 vivum

260 3749 332 3794 eum
355 3727 549 3808 tradidisset,
581 3727 661 3793 inire
691 3749 756 3792 non
784 3735 902 3812 posset,
934 3727 1034 3794 dilato
1064 3728 1097 3792 in
1119 3727 1297 3812 proximam

260 3840 386 3898 noctem
423 3831 555 3896 sceleris
593 3832 726 3897 oonsilio
760 3853 858 3914 agere
895 3833 1016 3916 gratias
1054 3831 1177 3916 incipit,
1216 3831 1302 3914 quod
