2976 4322
392 243 644 298 HISTORIARUM
661 241 878 296 ALEXANDRI
896 242 947 294 VII
968 245 989 295 l.
1148 244 1210 307 165

171 451 352 516 amisissent
376 471 497 533 equos,
545 449 683 532 superbo
719 449 946 534 respondisset,
985 449 1045 514 nisi
1082 449 1210 534 inoepto

171 553 347 642 desisteret,
371 554 460 619 brevi
483 554 643 635 soiturum,
669 553 740 637 quis
762 553 832 638 ipse
856 560 949 618 esset.
984 553 1055 618 Iam
1077 553 1207 636 linguae
1228 568 1260 618 11

170 659 355 725 violentiam
388 659 662 742 temeritatemque
695 657 874 738 verborum,
913 677 997 740 quae
1034 657 1066 720 in
1100 664 1211 723 semet-

169 763 274 848 ipsum
310 762 535 844 iaoularentur‚
581 761 660 826 nihil
697 761 785 827 aliud
833 781 904 826 esse
950 781 1046 844 quarn
1083 761 1210 826 scelesti

169 867 265 932 animi
287 866 425 932 indicem
454 887 493 932 ao
522 873 647 932 testem.
695 865 785 943 Quae
816 865 843 931 si
873 885 950 931 vera
980 871 1095 946 essent,
1126 865 1211 930 idem

169 971 322 1036 meruisse
352 991 406 1036 eos
438 970 523 1053 quod
564 970 721 1052 Philotan,
753 970 780 1036 si
811 969 902 1050 falsa,
934 969 1065 1051 exigere
1095 969 1210 1054 ipsum,

168 1082 203 1140 ut
225 1073 384 1140 refellant.

271 1178 449 1245 Productus
473 1178 589 1262 deinde
605 1177 804 1263 Antiphanes
828 1177 869 1242 de
892 1178 982 1260 equis
1004 1198 1069 1243 non
1084 1178 1208 1244 traditis
1231 1190 1262 1240 17

136 1284 203 1355 3et
225 1283 358 1350 adiectis
382 1285 478 1350 etiarn
500 1273 638 1370 superbe
661 1283 754 1348 minis
777 1281 909 1348 indioat.
943 1283 1025 1347 Tum
1041 1282 1206 1368 Amyntas,
1229 1301 1261 1353 18

167 1385 254 1453 faeta
276 1387 403 1453 dioendi
425 1394 592 1472 potestate,
613 1387 663 1452 ‘si
686 1386 790 1467 nihil',
814 1387 927 1470 inquit,
947 1387 1091 1452 ‘interest
1112 1388 1209 1472 regis,

166 1498 251 1577 peto,
277 1499 321 1573 ut,
346 1491 421 1557 dum
445 1492 525 1573 dieo,
549 1492 686 1558 vineulis
709 1491 852 1557 liberer'.
898 1492 967 1557 Rex
990 1491 1071 1557 solvi
1094 1499 1210 1557 utrum-

166 1615 228 1680 que
262 1595 349 1661 iubet
378 1595 638 1680 desiderantique
661 1595 831 1680 Amyntae,
863 1603 898 1661 11
928 1594 1056 1662 habitus
1083 1616 1209 1680 quoque

165 1699 350 1766 redderetur
372 1701 531 1784 armigeri,
555 1701 700 1767 lanoeam
723 1700 792 1766 dari
808 1700 907 1766 iussit.
945 1701 1049 1778 Quam
1064 1708 1099 1766 ut
1114 1701 1208 1768 laeva
1228 1719 1261 1770 19

165 1803 414 1888 comprehendit,
439 1805 556 1870 evitato
579 1823 618 1869 eo
640 1805 722 1884 loeo,
748 1805 782 1869 in
806 1824 869 1886 quo
892 1804 1070 1870 Alexandri
1094 1826 1208 1891 eorpus
1244 1859 1247 1864 ,

165 1909 261 1991 paulo
284 1914 357 1974 ante
379 1909 530 1989 iacuerat,
551 1907 839 1991 ‘Qualiseumque',
870 1908 983 1992 inquit,
1007 1908 1125 1975 ‘exitus
1147 1930 1206 1975 nos

163 2019 280 2093 manet,
303 2033 368 2094 reu,
403 2011 590 2078 eonfitemur
620 2033 807 2098 prosperum
830 2013 887 2078 tibi
910 2012 1081 2095 debituros,
1114 2015 1208 2080 tristi-

165 2137 252 2181 orem
282 2116 429 2204 fortunae
456 2119 675 2202 imputaturus.
724 2115 800 2182 Sine
835 2117 1034 2201 praeiudicio
1069 2117 1205 2184 dioimus
1224 2135 1259 2186 20

165 2241 303 2302 oausam,
334 2222 442 2288 liberis
473 2222 658 2306 oorporibus
690 2222 877 2304 animisque.
924 2222 1078 2287 Habitum
1101 2224 1206 2305 etiam,

162 2324 195 2388 in
230 2345 292 2409 quo
325 2333 357 2392 11
391 2326 535 2392 oomitari
569 2327 715 2407 solemus,
751 2325 927 2392 reddidisti.
977 2325 1114 2392 Causam
1144 2349 1208 2394 non

163 2449 343 2514 possumus,
369 2431 528 2496 fortunam
550 2431 660 2496 timere
677 2430 868 2496 desinemus.
908 2431 957 2512 Et,
982 2452 1111 2515 quaese,
1136 2455 1208 2519 per·
1227 2447 1260 2498 11

163 2533 270 2599 mittas
312 2535 389 2599 mihi
411 2535 445 2600 id
472 2536 607 2620 primum
638 2534 820 2616 defendere,
852 2535 937 2619 quod
960 2559 980 2601 a
1003 2544 1035 2602 11
1062 2537 1205 2602 ultimum

164 2638 322 2704 obieotum
346 2647 403 2705 111.
449 2639 526 2721 1111,
555 2661 621 2720 reu,
653 2640 807 2705 sermonis
830 2624 1206 2710 adversusmaiestatem

163 2749 251 2808 tuam
274 2741 375 2808 habiti
397 2744 516 2809 nullius
541 2744 659 2809 oonsoii
690 2764 797 2810 sumus
821 2743 923 2810 nobis.
972 2745 1120 2810 Dioerem
1143 2746 1207 2811 iam

164 2846 288 2930 pridem
311 2848 424 2913 vicisse
447 2855 479 2913 11
501 2848 663 2929 invidiam,
688 2849 749 2914 nisi
772 2849 949 2933 perioulum
968 2858 1062 2930 esset,
1086 2872 1126 2916 ne
1143 2852 1208 2916 alia

163 2951 334 3034 malignius
346 2951 432 3017 diota
445 2952 591 3018 erederes
603 2952 723 3018 blanda
735 2953 875 3018 oratione
891 2955 1032 3038 purgari.
1058 2955 1207 3021 Ceterum
1225 2976 1258 3024 11

163 3054 287 3120 etiamsi
309 3055 417 3120 militis
439 3056 485 3120 tui
512 3056 564 3120 vel
592 3057 627 3120 in
656 3057 784 3140 agmine
816 3055 992 3123 definientis
1024 3065 1055 3123 11
1077 3057 1204 3142 fatigati

163 3159 216 3223 vel
248 3159 282 3222 in
315 3159 385 3224 aoie
418 3160 627 3244 periolitantis
662 3160 714 3226 vel
746 3161 780 3224 in
809 3161 1015 3226 tabernaculo
1050 3164 1140 3246 aegri
1174 3171 1206 3230 et

163 3263 296 3329 vulnera
333 3264 472 3328 ourantis
510 3265 619 3348 aliqua
656 3284 720 3329 vox
756 3265 899 3350 asperior
936 3273 1021 3331 esset
1059 3276 1203 3352 aooepta,

163 3387 378 3433 merueramus
401 3367 534 3433 fortibus
558 3367 660 3450 saetis,
684 3376 719 3434 ut
740 3369 853 3435 malles
877 3391 916 3435 ea
937 3373 1074 3456 tempori
1096 3380 1203 3438 nostro

163 3472 321 3557 imputare
340 3492 435 3554 quam
458 3471 573 3536 animo.
606 3471 685 3537 Oum
709 3472 785 3556 quid
808 3473 925 3539 aonidit
939 3475 1069 3556 tristius,
1094 3498 1204 3544 omnes
1223 3493 1258 3544 23

164 3575 210 3642 rei
234 3583 323 3641 sunt:
356 3575 541 3661 corporibus
573 3577 697 3662 nostris,
728 3598 810 3660 quae
839 3579 946 3660 utique
976 3599 1041 3644 non
1072 3580 1206 3662 odimus,

162 3679 297 3745 infestas
320 3679 527 3746 admovemus
553 3702 683 3747 manus:
713 3691 871 3766 parentes,
902 3683 1010 3750 liberis
1041 3685 1067 3749 si
1098 3707 1204 3752 11111-

164 3790 236 3848 rant
285 3791 316 3848 et
353 3784 470 3867 ingrati
508 3792 539 3850 et
575 3785 671 3851 invisi
709 3793 790 3851 sunt.
852 3787 968 3853 Contra
1005 3810 1076 3853 oum
1114 3789 1205 3856 donis

174 3887 374 3970 honoramur,
405 3911 476 3954 oum
499 3891 647 3973 praemiis
678 3891 781 3956 onusti
807 3893 1002 3976 revertimur,
1033 3895 1102 3976 quis
1125 3895 1207 3961 ferre
