2970 4322
278 164 342 227 274
667 167 697 234 Q.
717 167 825 222 GURTI
843 167 930 222 RUFI

275 369 388 451 ignari.
431 367 592 446 Quantum
614 371 689 436 inde
719 373 848 438 abesset
869 393 965 453 mare,
990 393 1071 456 quae
1093 379 1206 456 gentes
1236 372 1311 438 colc-

275 478 354 553 rent,
380 493 474 556 quam
496 473 657 558 placidum
680 475 782 541 amnis
810 496 856 558 os,
880 496 976 559 quam
997 477 1123 562 patiens
1149 477 1311 560 longarum

276 575 404 639 navium
430 583 525 656 essct,
547 597 666 663 anceps
696 585 728 644 ct
750 600 847 644 caeca
878 581 1054 646 aestimatio
1085 583 1311 664 augurabatur:

244 692 374 743 annum
405 686 473 744 erat
501 681 689 748 temeritatis
719 683 874 748 solacium
895 690 1048 769 perpetua
1072 683 1218 752 felicitas,
1250 685 1313 748 Iam

279 793 366 846 cccc
385 783 489 848 stadia
517 793 749 868 processerant,
782 806 852 852 oum
884 787 1112 870 gubernatores
1140 807 1314 870 agnoscere

277 885 366 972 ipsos
388 907 497 952 auram
519 889 615 954 maris
638 897 669 956 ct
693 889 778 954 haud
807 890 917 975 procul
939 886 1040 957 videri
1071 892 1131 957 sibi
1154 891 1315 958 Oceanum

243 992 391 1057 subesse
413 991 556 1058 indicant
577 993 656 1077 regi.
679 993 794 1060 Laetus
818 994 871 1060 ille
894 994 1014 1060 hortari
1036 995 1178 1060 nauticos
1203 996 1313 1080 coepit,

276 1094 495 1160 incumberent
521 1097 632 1162 remis:
659 1097 774 1164 adesse
795 1098 891 1163 finem
919 1097 1037 1164 laboris
1067 1099 1213 1164 omnibus
1236 1100 1316 1164 votis

278 1200 467 1283 expetitum:
490 1200 555 1265 iam
576 1200 656 1266 nihil
675 1202 796 1286 gloriae
812 1201 934 1283 deesse,
958 1203 1037 1268 nihil
1057 1204 1184 1268 obstare
1199 1203 1315 1281 virtuti,

279 1303 347 1368 sine
369 1304 436 1368 ullo
459 1303 570 1370 Martis
594 1305 784 1387 discrimine,
810 1306 878 1372 sine
905 1307 1061 1390 sangnine
1084 1308 1192 1373 orbem
1213 1313 1317 1372 terrae

278 1407 319 1472 ab
335 1407 398 1472 illis
414 1408 502 1493 capi:
519 1429 559 1473 ne
574 1415 719 1474 naturam
734 1409 863 1493 quidem
878 1409 1005 1492 longius
1024 1429 1119 1495 posse
1134 1409 1315 1494 procedere,

245 1533 260 1582 5
278 1513 368 1578 brevi
390 1512 551 1596 incognita
578 1513 640 1578 nisi
662 1515 890 1581 immortalibus
921 1534 992 1580 csse
1014 1514 1146 1580 visuros.
1193 1513 1317 1580 Paucos

280 1623 385 1682 tamen
411 1617 539 1700 navigio
569 1619 672 1684 emisit
698 1619 731 1683 in
760 1619 869 1703 ripam,
894 1619 948 1701 qui
977 1626 1120 1702 agrestes
1140 1637 1245 1700 vagos
1268 1640 1318 1684 ex-

280 1721 437 1806 ciperent:
465 1743 483 1786 e
517 1723 630 1804 quibus
654 1724 788 1788 certiora
809 1723 899 1788 nosci
932 1741 1028 1807 posse
1062 1724 1221 1807 sperabat.
1268 1723 1318 1787 Illi

246 1843 261 1893 6
281 1826 411 1890 scrutati
434 1826 539 1890 omnia
560 1827 685 1910 tuguria
714 1826 843 1893 tandem
866 1828 1001 1892 latentes
1030 1846 1209 1910 repperere.
1258 1825 1318 1902 Qui

279 1929 474 2012 interrogati,
498 1949 593 2012 quam
629 1932 741 2016 procul
777 1931 928 1997 abessent
961 1929 1048 2012 mari,
1088 1929 1319 2014 responderunt

280 2033 401 2098 nullum
424 2033 511 2118 ipsos
535 2055 684 2100 marene
714 2035 798 2100 fama
821 2034 950 2118 quidem
979 2033 1153 2118 accepisse,
1178 2041 1318 2099 ceterum

278 2139 372 2203 tertio
395 2138 447 2203 die
470 2137 629 2222 perveniri
655 2159 749 2223 posse
772 2139 814 2212 ad
835 2159 952 2222 aquam
978 2158 1126 2218 amaram,
1151 2158 1233 2220 quae
1256 2159 1317 2203 cor-

277 2249 437 2326 rumperet
475 2241 609 2306 dulcem.
655 2243 855 2310 Intellectum
889 2249 937 2308 est
970 2263 1056 2307 mare
1090 2241 1244 2308 destinari
1278 2243 1316 2308 ab

244 2345 398 2429 ‘signaris
419 2352 551 2410 naturae
586 2345 661 2410 eius.
707 2347 819 2429 Itaque
853 2346 973 2430 ingenti
1006 2345 1169 2412 alacritate
1198 2345 1316 2410 nautici

278 2449 444 2532 remigant.
490 2450 531 2513 Et
560 2449 703 2534 proximo
734 2450 862 2532 quidem
896 2449 957 2531 die,
989 2469 1051 2532 quo
1082 2449 1212 2534 propius
1246 2469 1318 2534 spes

279 2553 517 2635 admovebatur,
557 2555 721 2619 crescebat
753 2553 847 2618 ardor
879 2553 1064 2618 animorum.
1111 2554 1218 2619 Tertio
1255 2555 1318 2618 iam

279 2658 330 2724 die
354 2658 487 2722 mixtum
509 2656 630 2722 flumini
649 2658 776 2724 subibat
798 2679 893 2739 mare,
917 2658 982 2724 leni
1001 2657 1108 2722 adhuc
1131 2665 1223 2724 aestu
1247 2679 1316 2723 con-

244 2762 433 2828 sfundente
466 2762 610 2846 dispares
639 2761 753 2827 undas.
798 2763 880 2826 Tum
913 2763 1008 2827 aliam
1040 2761 1179 2826 insulam
1212 2762 1317 2828 medio

279 2867 363 2932 amni
386 2865 480 2930 sitam
503 2867 606 2932 evecti
629 2867 726 2950 paulo
742 2866 869 2949 lentius,
887 2867 961 2949 quia
983 2885 1095 2931 cursus
1110 2873 1201 2932 aestu
1216 2887 1317 2932 rever·

278 2969 460 3053 berabatur,
484 2971 644 3055 applicant
667 2971 800 3036 classem
824 2977 856 3036 et
882 2971 925 3034 ad
947 2977 1139 3036 commeatus
1162 2970 1318 3054 petendos

279 3075 469 3156 discurrunt,
504 3075 608 3140 securi
642 3095 734 3140 casus
766 3077 844 3156 eius,
880 3074 933 3159 qui
967 3075 1150 3159 supervenit
1186 3074 1316 3157 ignaris.

243 3201 259 3250 9
375 3180 480 3244 Tertia
497 3180 596 3245 ferme
612 3179 690 3244 hora
705 3186 781 3261 crat,
799 3201 869 3245 cum
881 3185 963 3244 stata
978 3180 1050 3244 vice
1062 3177 1210 3244 Oceanus
1222 3199 1314 3244 exae—
1326 3179 1368 3251 35

279 3291 388 3350 stuans
403 3285 512 3350 invehi
528 3284 633 3370 coepit
649 3291 680 3350 et
702 3291 786 3350 retro
812 3283 930 3350 flumen
954 3304 1084 3368 urgere:
1109 3282 1194 3366 quod
1217 3284 1318 3368 primo

279 3389 459 3470 coercitum,
479 3388 593 3454 deinde
608 3387 830 3454 vehementius
848 3390 976 3474 pulsum
991 3389 1111 3453 maiore
1134 3388 1254 3474 impetu
1266 3388 1321 3453 ad-

277 3511 405 3559 versum
418 3493 573 3576 agebatur
585 3513 680 3575 quam
692 3493 843 3558 torrentia
858 3493 1026 3579 praecipiti
1042 3493 1134 3557 alveo
1146 3491 1319 3558 incurrunt.

229 3615 261 3664 10
280 3597 394 3680 Ignota
415 3597 512 3680 vulgo
536 3597 608 3662 freti
630 3603 743 3662 natura
759 3603 833 3676 erat,
858 3606 1060 3680 monstraque
1083 3604 1115 3661 ct
1135 3597 1200 3662 irae
1224 3597 1317 3663 deum

279 3700 398 3766 indicia
421 3723 550 3767 cernere
573 3702 772 3767 videbantur.
795 3701 976 3766 Identidem
998 3703 1317 3782 intumescensmarc

281 3813 312 3872 ct
335 3807 367 3870 in
390 3825 519 3888 campos
542 3807 635 3889 paulo
658 3813 733 3872 ante
757 3807 858 3872 siccos
889 3807 1082 3872 descendere
1106 3807 1315 3892 superfusum.
