2976 4322
278 191 342 260 204
672 187 703 252 o.
723 183 937 241 1111111111

275 419 465 483 quamquam
496 415 647 481 prospero
678 400 795 459 eventu
825 393 994 460 defunctus
1026 400 1094 460 erat
1124 393 1318 474 Alexander,

273 511 380 568 tamen
403 502 525 568 scivere
548 499 652 584 gentis
676 519 752 564 suae
775 519 871 580 more,
895 519 937 564 ue
962 506 1017 564 aut
1033 499 1132 586 pedes
1148 505 1320 565 venaretur

224 625 255 676 19
274 614 329 673 aut
358 606 426 672 sine
453 605 585 670 delectis
615 603 794 689 principum
824 609 920 685 atque
951 603 1134 669 amicorum.
1181 604 1241 668 Ille
1263 613 1320 666 1111

273 711 399 776 milibus
422 709 561 775 ferarum
583 707 715 773 deiectis
737 707 770 771 in
801 706 914 773 eodem
938 709 1020 774 saltu
1045 729 1116 773 cum
1138 714 1205 773 toto
1230 728 1319 773 exer-

274 815 338 880 citu
360 814 505 898 epulatus
528 819 586 878 est.

377 917 457 984 Inde
484 915 679 981 Maracanda
708 914 844 980 reditum
874 922 932 998 est,
971 922 1168 1002 acceptaque
1199 913 1350 982 aetatis3

273 1023 477 1089 excusatione
501 1022 542 1086 ab
564 1019 723 1100 Artabazo
747 1020 943 1105 provinciam
966 1021 1034 1086 eius
1058 1021 1196 1087 destinat
1218 1021 1311 1087 clito.

220 1146 254 1196 20
272 1127 333 1191 Hic
356 1132 432 1206 erat,
458 1125 511 1208 qui
534 1123 620 1210 apud
636 1123 807 1189 Granicum
831 1145 956 1190 amnem
978 1124 1065 1190 nudo
1083 1125 1188 1210 capite
1204 1146 1316 1209 regem

272 1231 475 1295 dimicantem
498 1228 602 1313 clipeo
633 1247 689 1292 suo
720 1228 801 1293 texit
831 1235 863 1294 et
886 1228 1039 1294 Rhosacis
1065 1249 1194 1293 manum
1217 1230 1315 1314 capiti

271 1335 356 1418 regis
378 1333 594 1398 imminentem
618 1332 726 1416 gladio
740 1332 924 1418 amputavit,
948 1339 1039 1398 vetus
1061 1332 1200 1419 Philippi
1222 1333 1315 1400 miles

219 1459 251 1508 21
271 1439 439 1520 multisque
462 1436 584 1502 bellicis
608 1436 757 1521 operibus
781 1438 893 1502 clarus.
922 1435 1096 1517 Hellauioe,
1122 1457 1203 1519 quae
1219 1437 1315 1503 Alex-

271 1541 404 1606 andrum
426 1539 627 1620 educaverat,
652 1560 740 1604 soror
764 1540 839 1621 eius,
864 1539 951 1605 haud
976 1560 1068 1606 secus
1093 1551 1188 1623 quam
1211 1547 1314 1607 mater

155 1627 160 1638 ’
270 1666 388 1729 aroge
412 1643 611 1727 diligebatur.
647 1643 696 1708 Ob
719 1643 778 1708 has
802 1663 914 1709 causas
937 1643 1165 1709 validissimam
1187 1645 1313 1730 imperii

220 1769 253 1820 22
272 1755 395 1834 partem
430 1747 505 1813 fidei
543 1747 610 1812 eius
646 1748 826 1829 tutelaeque
864 1747 1029 1812 commisit.
1082 1749 1215 1831 Iamque
1253 1750 1313 1815 iter

270 1874 383 1937 parare
412 1852 445 1916 in
475 1858 636 1936 posterum
666 1851 768 1916 iussus
803 1851 947 1916 sollemni
977 1857 1010 1916 et
1038 1853 1227 1938 tempestivo
1258 1854 1313 1919 ad-

269 1957 395 2022 hibetur
429 1955 584 2021 convivio.
630 1956 669 2020 In
703 1975 765 2038 quo
798 1976 856 2020 rex
890 1975 962 2021 cum
995 1957 1093 2021 multo
1126 1957 1312 2024 incaluisset

269 2081 365 2142 mero,
388 2059 575 2124 immodicus
590 2059 774 2124 aestimator
789 2059 838 2124 sui
864 2059 1035 2141 celebrare,
1057 2080 1139 2142 quae
1154 2069 1308 2144 gesserat,

270 2165 384 2249 coepit,
408 2164 516 2247 gravis
539 2163 635 2228 etiam
658 2184 766 2228 corum
789 2163 926 2244 auribus,
955 2163 1008 2246 qui
1031 2165 1210 2230 sentiebant
1231 2186 1310 2232 vera

217 2289 251 2340 23
269 2268 446 2332 memorari.
494 2267 658 2332 Silentium
696 2273 803 2332 tamen
839 2266 980 2332 habuere
1018 2267 1166 2350 seniores,
1195 2269 1306 2352 donec,

269 2373 409 2458 Philippi
438 2393 489 2438 res
513 2393 602 2437 orsus
634 2373 788 2454 obterere,
808 2371 947 2437 nobilem
978 2371 1064 2456 apud
1087 2360 1307 2439 Chaeroneam

268 2477 433 2542 victoriam
463 2477 511 2542 sui
541 2477 645 2561 operis
675 2476 773 2541 fuisse
803 2476 943 2558 iactavit,
967 2475 1213 2561 ademptamque
1246 2479 1307 2544 sibi

216 2601 250 2650 24
268 2580 466 2663 malignitate
490 2587 522 2645 et
543 2579 664 2644 invidia
693 2580 792 2664 patris
822 2586 930 2644 tantae
953 2580 999 2644 rei
1022 2581 1165 2663 gloriam.
1212 2583 1306 2647 Illum

268 2684 403 2767 quidem,
428 2683 582 2749 seditione
616 2684 698 2749 inter
727 2683 920 2748 Macedones
953 2684 1068 2750 milites
1103 2691 1135 2750 et
1165 2684 1306 2752 Graecos

267 2788 501 2854 mercennarios
525 2794 603 2869 orta,
628 2786 826 2852 debilitatum
848 2789 987 2870 vulnere,
1008 2788 1093 2870 quod
1115 2789 1148 2853 in
1171 2811 1210 2855 ea
1232 2810 1306 2855 oon-

268 2893 459 2958 sternatione
493 2899 670 2977 acceperat,
705 2892 850 2972 iacuisse,
885 2913 949 2957 non
978 2893 1057 2958 alias
1088 2914 1183 2977 quam
1213 2895 1305 2960 simu-

267 2985 383 3061 lationi
406 2995 514 3061 mortis
537 2996 699 3061 tutiorem:
723 3015 757 3060 11
781 3017 894 3080 corpus
918 2997 985 3062 eius
1008 2998 1185 3082 protexisse
1201 2987 1304 3083 clipeo

214 3121 247 3172 25
266 3121 332 3182 suo,
356 3107 544 3182 ruentesque
567 3100 600 3164 in
622 3101 710 3164 illum
725 3120 783 3165 sua
797 3122 893 3167 manu
908 3102 1039 3167 occisos.
1076 3101 1165 3180 Quae
1181 3111 1304 3189 patrem

265 3224 437 3286 numquam
459 3225 560 3287 aequo
584 3205 688 3269 animo
712 3224 782 3270 esse
806 3205 994 3288 confessum,
1019 3207 1150 3272 invitum
1172 3209 1305 3274 11111111-

265 3308 393 3373 bentem
413 3309 547 3373 salutem
570 3329 668 3374 suam.
708 3310 820 3392 Itaque
843 3317 915 3394 post
938 3311 1181 3396 expeditionem,
1208 3335 1302 3398 quam

266 3413 333 3478 sine
357 3433 395 3478 eo
418 3412 547 3478 fecisset
576 3414 644 3498 ipse
673 3413 707 3477 in
730 3414 865 3498 Illyrios,
897 3415 1049 3481 victorem
1080 3418 1243 3502 scripsisse
1267 3439 1302 3485 se

266 3517 347 3602 patri
388 3516 476 3582 fusos
517 3517 707 3601 fugatosque
744 3517 861 3600 hostes,
899 3540 959 3584 neo
996 3519 1124 3587 affuisse
1169 3541 1302 3606 usquam

214 3641 247 3692 26
265 3620 454 3706 Philippum.
501 3621 609 3687 Laude
633 3621 747 3706 dignos
778 3643 857 3705 esse,
889 3645 952 3689 non
984 3624 1037 3707 qui
1060 3624 1302 3692 Samothracum

265 3726 355 3790 initia
377 3726 523 3808 viserent,
548 3746 619 3791 oum
642 3725 752 3792 Asiam
774 3727 822 3792 uri
844 3729 1024 3812 vastarique
1048 3736 1215 3814 oporteret,
1244 3731 1301 3798 sed

265 3850 329 3912 eos,
354 3829 407 3913 qui
429 3830 646 3914 magnitudine
664 3851 773 3914 ¹rerum
794 3831 889 3898 fidem
912 3835 1165 3900 antecessissent.
