2976 4322
374 225 625 279 nrsroarnnuu
642 225 856 278 nnuxnnunr
875 226 926 278 vn
945 227 968 275 a.
988 226 1024 276 a:
1151 224 1213 287 173

169 452 243 496 curn
268 431 427 498 Artabazo
458 439 490 498 et
520 431 703 498 Andronico
734 439 765 498 et
795 441 833 496 vl
862 430 988 496 milibus
1018 429 1212 496 Graecorum

168 537 311 620 pediturn
341 560 374 602 co
405 538 502 619 misit,
537 559 614 622 quos
642 546 689 600 Dc
714 536 835 619 equites
866 536 1089 618 sequebantur.
1136 534 1246 618 Ipse3

169 651 219 704 LX
242 640 354 706 diebus
367 649 496 724 gentem
513 641 742 724 Euergetarum
758 639 926 722 ordinavit,
942 661 1060 724 magna
1075 638 1213 724 pecunia

171 746 212 810 ob
237 745 402 828 egregiam
424 746 457 810 in
480 745 600 830 Cyrum
623 743 718 811 fidem
741 744 868 810 donata.
958 757 961 763 ’

273 849 394 915 Relicto
433 847 558 932 deinde,
597 850 650 932 qui
688 850 726 914 iis
764 856 935 935 praeesset,
976 848 1131 914 Amedine
1168 859 1247 909 -4

169 955 274 1019 scriba
306 955 334 1020 is
366 956 463 1021 Darei
498 956 600 1021 lucrat
634 993 675 1002 —
710 954 915 1036 Arachosios,
952 973 1086 1037 quorum
1120 953 1210 1036 regio

170 1059 212 1123 ad
235 1059 402 1124 Ponticum
424 1081 511 1126 marc
534 1059 679 1146 pertinet,
709 1059 845 1143 subegit.
891 1059 941 1124 Ibi
964 1059 1132 1139 exercitus,
1157 1058 1211 1140 qui

170 1164 229 1229 sub
252 1164 461 1229 Parmenione
484 1163 596 1245 fuerat,
622 1165 765 1229 occurrit.
813 1163 878 1229 Sex
897 1164 984 1228 milia
1000 1162 1211 1228 Macedonum

170 1276 268 1332 erant·
290 1275 321 1333 et
351 1278 393 1332 CO
416 1269 540 1334 nobiles
572 1276 650 1334 etV
679 1268 767 1332 milia
797 1268 991 1333 Graecorum
1023 1288 1094 1332 curn
1126 1267 1212 1349 equi·
1257 1322 1258 1325 ,

169 1373 253 1437 tibus
281 1382 338 1453 Dc,
362 1372 449 1437 haud
472 1373 566 1439 dubie
590 1374 686 1438 robur
709 1373 847 1437 omniurn
862 1372 976 1437 virium
999 1372 1095 1455 regis.
1131 1370 1208 1436 Ara·
1229 1381 1245 1432 5

170 1478 288 1544 chosiis
311 1478 403 1544 datus
426 1479 542 1544 Menon
564 1485 702 1562 praetor,
715 1489 768 1541 1111
791 1478 918 1542 milibus
943 1476 1087 1562 pediturn
1111 1483 1144 1542 et
1164 1486 1212 1540 Dc

170 1583 327 1666 equitibus
349 1583 380 1648 in
404 1582 597 1667 praesidium
619 1581 747 1648 relictis.

114 1683 155 1755 12
273 1687 346 1772 Ipse
368 1708 426 1752 rex
449 1687 609 1753 nationem
634 1708 673 1752 nc
696 1686 836 1752 finitimis
854 1686 982 1769 quidem
998 1685 1074 1750 satis
1091 1691 1210 1765 notam,

168 1791 285 1877 quippe
321 1791 407 1856 nullo
439 1792 628 1857 commercio
673 1791 823 1874 vulgante
857 1797 982 1855 mutuos
1017 1809 1102 1870 usus,
1139 1810 1212 1854 oum

169 1895 311 1961 exercitu
343 1895 480 1961 intravit.
530 1895 799 1980 Parapamisadae
833 1895 1043 1980 appellantur,
1080 1900 1244 1976 agrestes

168 1999 332 2065 hominurn
354 2019 456 2083 genus
479 2007 510 2065 ct
540 1999 622 2066 inter
651 2000 805 2065 barbaros
836 1998 974 2063 maxime
1001 1997 1211 2062 inconditum.

168 2103 326 2168 Locorum
348 2103 503 2188 asperitas
526 2102 688 2169 hominurn
720 2123 845 2185 quoque
876 2101 1007 2185 ingenia
1030 2101 1211 2166 duraverat.

170 2207 405 2274 Gelidissimum
428 2208 651 2293 septentrionis
674 2229 768 2272 axem
792 2229 833 2272 ex
860 2227 978 2289 magna
1009 2213 1099 2290 parte
1123 2226 1211 2290 spco-
1231 2220 1247 2268 7

169 2319 246 2393 tant,
271 2312 449 2378 Bactrianis
478 2313 519 2378 ab
547 2311 712 2377 occidente
737 2311 899 2376 coniuncti
929 2317 1010 2392 sunt,
1035 2309 1213 2376 meridiana

169 2417 260 2500 regio
283 2417 325 2482 ad
346 2437 433 2482 mare
456 2416 600 2481 Indicum
623 2416 736 2499 vergit.
784 2415 926 2499 Tuguria
952 2415 1052 2480 latere
1083 2415 1124 2479 ab
1146 2415 1210 2478 irno
1230 2427 1247 2478 8

170 2527 294 2586 struunt
327 2527 366 2602 ct,
406 2521 480 2604 quia
514 2521 629 2586 sterilis
665 2527 713 2586 est
747 2527 832 2585 terra
866 2519 1008 2599 materia,
1046 2516 1100 2605 [in]
1126 2518 1211 2583 nudo

171 2625 267 2690 etiam
308 2625 423 2691 montis
457 2625 561 2706 dorso,
592 2645 692 2708 usque
727 2624 769 2689 ad
804 2645 960 2689 summum
994 2623 1212 2688 aedificiorum

170 2729 334 2814 fastigium
363 2730 477 2796 eodem
506 2729 659 2795 laterculo
689 2736 839 2794 utuntur·
876 2728 1024 2794 ueterum
1055 2733 1247 2792 structuras

169 2835 264 2899 latior
300 2836 341 2900 ab
378 2834 441 2899 imo
479 2833 631 2919 paulatim
668 2834 863 2900 incremento
902 2833 1007 2917 operis
1041 2832 1074 2896 in
1112 2831 1211 2896 artius

171 2940 303 3024 cogitur,
338 2938 381 3004 ad
413 2939 557 3004 ultimum
586 2939 619 3003 in
650 2939 777 3004 carinae
808 2937 946 3003 maxime
977 2937 1107 3002 modurn
1138 2937 1210 3002 coit.

170 3044 220 3109 Ibi
250 3043 405 3109 foramine
439 3043 549 3110 relicto
584 3063 719 3128 superne
753 3043 859 3107 lumen
894 3041 1073 3106 admittunt.
1120 3041 1263 3105 Vitcs10

171 3153 203 3213 et
225 3149 373 3230 arbores,
395 3148 422 3213 si
453 3167 533 3231 quac
562 3147 596 3211 in
625 3154 713 3212 tanto
743 3154 848 3212 terrae
879 3146 985 3229 rigore
1017 3145 1131 3210 durare
1159 3165 1213 3228 po-

170 3258 305 3333 tuerunt,
331 3253 466 3317 obruunt
489 3251 623 3336 penitus.
670 3251 783 3316 Hieme
812 3249 960 3315 defossae
992 3249 1109 3314 latent:
1142 3268 1213 3312 cum

170 3357 231 3420 nim
255 3355 398 3422 discussa
421 3357 545 3440 aperire
568 3355 699 3419 hunnum
731 3355 844 3440 coepit,
878 3354 965 3419 caclo
997 3353 1119 3436 solique
1143 3351 1213 3417 red-

172 3459 295 3526 duntur.
324 3460 472 3526 Ceterum
495 3459 576 3525 adeo
601 3460 685 3524 altae
709 3459 799 3524 nives
823 3465 970 3544 premunt
993 3465 1118 3538 tcrrarn,
1135 3457 1212 3540 gelu
1233 3469 1263 3518 11

172 3572 204 3630 et
226 3572 380 3650 perpetuo
402 3586 505 3650 paene
528 3565 634 3648 rigore
665 3565 865 3645 constrictae,
897 3570 932 3628 ut
955 3584 995 3628 nc
1019 3563 1125 3627 avium
1148 3561 1214 3644 'qui-

171 3667 245 3734 dem
282 3668 411 3734 feraeve
448 3669 541 3734 ullius
579 3668 751 3752 vestigium
789 3674 885 3733 extet.
949 3665 1093 3732 Obscura
1133 3665 1212 3730 caeli

171 3773 277 3838 verius
321 3773 434 3838 umbra
469 3786 563 3854 quarn
597 3773 651 3836 lux
685 3773 770 3836 nocti
805 3771 916 3836 similis
950 3770 1064 3854 premit
1086 3777 1211 3849 terram,

119 3875 159 3946 13
172 3877 228 3942 vix
249 3883 293 3956 ut,
318 3896 400 3959 quae
423 3897 523 3961 prope
546 3883 626 3958 sunt,
660 3875 803 3960 conspici
824 3875 956 3959 possint.
1002 3875 1041 3938 In
1063 3872 1124 3937 hac
1147 3879 1214 3936 turn
1235 3884 1266 3933 12
