2970 4322
342 281 592 337 HISTORIARUM
610 278 827 333 ALEXANDRI
845 278 923 331 Vllll
942 281 965 332 9.
986 280 1025 330 10.
1140 274 1201 339 277

161 492 242 556 alios
264 491 428 574 vulgatum
444 495 508 554 est:
533 488 637 553 oleum
652 469 793 553 remedio
809 484 879 550 fuit.
905 484 1066 548 Leonnato
1087 481 1202 559 deinde
1220 491 1237 540 2

161 594 348 680 praemisso,
371 600 407 659 ut
429 600 543 678 puteos
570 591 702 674 foderet,
726 609 790 674 qua
819 589 961 655 terrestri
991 587 1105 652 itinere
1128 585 1203 650 duc-

160 706 250 764 turus
273 698 447 764 exercitum
469 696 691 762 videbatur-
709 695 828 781 quippe
851 694 938 759 sicca
960 697 1030 757 erat
1050 690 1140 774 regio
1160 727 1201 738 -·

159 805 229 888 ipse
263 823 337 868 cnm
369 801 473 887 copiis
506 800 659 882 substitit,
693 819 825 864 vernum
858 804 984 882 tempus
1018 802 1199 882 expectans.

159 907 291 973 Interim
318 913 349 972 et
378 906 474 972 urbes
507 905 679 991 plerasque
703 903 846 968 condidit
868 909 900 967 et
922 900 1073 968 Nearcho
1103 905 1200 983 atque
1220 907 1235 957 3

159 1008 346 1090 Onesicrito,
361 1011 507 1076 nauticae
530 1009 579 1075 rei
594 1009 712 1094 peritis,
724 1006 903 1092 imperavit,
926 1013 961 1071 ut
982 1005 1200 1071 validissimas

159 1115 289 1182 navium
326 1114 522 1180 deducerent
559 1113 593 1178 in
626 1113 790 1178 Oceanum
826 1109 1061 1196 progressique,
1096 1108 1201 1192 quoad

160 1226 230 1285 tuto
254 1225 393 1304 possent,
409 1225 554 1284 naturam
569 1217 666 1283 maris
688 1219 873 1282 noscerent:
889 1213 942 1280 vel
964 1213 1077 1280 eodem
1106 1233 1200 1278 amne

159 1324 212 1388 vel
245 1323 411 1408 Euphrate
449 1323 555 1388 subire
593 1342 648 1389 eos
685 1339 791 1406 posse,
829 1338 901 1384 cum
936 1317 1053 1384 reverti
1089 1316 1131 1382 ad
1164 1337 1199 1383 se

161 1428 291 1493 vellent.
737 1479 740 1486 Δ

103 1528 148 1600 39
267 1531 400 1616 Iamque
426 1530 572 1616 mitigata
601 1530 708 1596 hieme
731 1535 763 1595 et
791 1528 935 1609 navibus,
967 1548 1048 1611 quae
1070 1527 1234 1592 inutiles4

157 1635 356 1718 ridebantur,
391 1636 540 1702 crematis
573 1643 660 1701 terra
693 1633 831 1699 ducebat
868 1632 1052 1698 exercitum.
1097 1630 1232 1696 Nonis5

158 1738 272 1805 castris
298 1740 331 1804 in
357 1740 523 1823 regionem
557 1738 720 1818 Arabiton,
743 1739 818 1805 inde
850 1733 984 1802 totidem
1018 1737 1132 1802 diebus
1165 1735 1198 1800 in

158 1841 380 1909 Cedrosiorum
407 1831 595 1928 perventum
622 1849 679 1908 est.
711 1843 809 1909 Liber
830 1842 883 1908 hic
904 1842 1040 1926 populus
1064 1839 1198 1906 concilio

157 1945 268 2012 habito
292 1945 415 2011 dedidit
431 1967 475 2027 se,
498 1946 742 2029 necquicquam
761 1946 879 2012 deditis
894 1951 1021 2031 praeter
1043 1964 1197 2011 commea

155 2058 208 2116 tus
236 2051 426 2136 imperatum
457 2058 514 2115 est.
563 2051 680 2128 Quinto
703 2049 779 2116 hinc
809 2051 861 2116 die
883 2050 971 2116 venit
994 2049 1036 2115 ad
1062 2049 1232 2119 flumen:6

156 2155 299 2220 Arabum
331 2155 455 2220 incolae
489 2154 663 2240 appellant.
710 2155 811 2238 Regio
835 2154 962 2220 deserta
989 2160 1021 2219 et
1038 2173 1197 2238 aquarum

154 2259 249 2344 inops
283 2257 411 2344 excipit.
459 2258 564 2336 Quam
601 2279 748 2324 emensus
785 2258 819 2322 in
852 2258 958 2324 Oritas
993 2259 1121 2324 transit:
1152 2258 1196 2322 ibi

155 2361 308 2427 maiorem
339 2361 498 2428 exercitus
520 2368 642 2446 partem
665 2361 897 2446 Hephaestioni
919 2361 1060 2442 tradidit,
1093 2363 1197 2427 levem
1254 2437 1256 2442 ¹

154 2472 346 2530 armaturam
383 2486 454 2531 cum
491 2466 674 2532 Ptolomaeo
708 2466 933 2548 Leonnatoque
965 2465 1100 2552 partitus
1138 2472 1194 2530 est.

155 2569 233 2634 Tria
245 2569 338 2634 simul
349 2569 478 2652 agmina
488 2569 722 2654 populabantur
730 2570 1048 2654 Indos,magnaeque
1059 2569 1197 2654 praedae
1216 2589 1231 2638 7

156 2679 246 2738 actae
269 2680 358 2738 sunt:
389 2673 564 2739 maritimos
594 2675 804 2755 Ptolomaeus,
836 2681 958 2741 ceteros
987 2675 1057 2760 ipse
1087 2693 1143 2738 rex
1167 2679 1198 2738 et

156 2779 197 2844 ab
221 2778 285 2842 alia
307 2783 397 2862 parte
413 2777 595 2843 Leonnatus
615 2780 758 2848 urebant.
783 2779 820 2842 In
844 2776 904 2843 hac
927 2799 1053 2862 quoque
1068 2778 1197 2862 regione

156 2883 267 2947 urbem
289 2880 440 2962 condidit,
465 2881 656 2964 deductique
679 2882 806 2948 suntin
829 2903 900 2950 eam
922 2882 1097 2948 Arachosii.

102 2973 148 3045 40
264 2985 348 3049 Hinc
370 2986 579 3069 pervenitad
604 2986 778 3052 maritimos
801 2986 909 3052 Indos.
955 2987 1123 3052 Desertam
1145 3007 1197 3051 va·
1215 3003 1232 3054 8

157 3095 301 3170 stamque
315 3089 478 3172 regionem
494 3090 558 3154 late
573 3096 681 3156 tenent
700 3112 738 3156 ac
761 3112 802 3155 ne
825 3111 897 3155 cum
912 3089 1052 3155 finitimis
1069 3089 1196 3173 quidem

156 3193 223 3256 ullo
261 3192 439 3258 commercii
477 3192 544 3258 iure
574 3192 753 3260 miscentur.
799 3195 877 3278 ipsa
911 3193 1049 3259 solitudo
1082 3201 1231 3262 naturas

155 3315 281 3378 quoque
296 3296 431 3360 immitia
447 3296 591 3362 efferavit
606 3298 751 3381 ingenia:
775 3297 954 3383 prominent
968 3318 1091 3380 ungues
1110 3319 1196 3362 num·

155 3419 250 3482 quam
272 3399 375 3481 recisi,
404 3420 515 3466 comae
538 3401 678 3467 hirsutae
701 3408 733 3467 et
758 3401 904 3480 intonsae
927 3409 1009 3468 sunt.
1055 3403 1196 3484 Tuguria
1215 3419 1248 3468 10

47 3489 52 3502 ’
155 3501 285 3568 conchis
308 3509 340 3567 ct
362 3503 477 3569 ceteris
500 3505 717 3588 purgamentis
741 3506 836 3570 maris
851 3506 1016 3570 instruunt.
1042 3507 1195 3571 Ferarum

155 3605 293 3690 pellibus
315 3605 392 3671 tecti
418 3608 560 3691 piscibus
590 3610 659 3674 sole
689 3609 810 3673 duratis
840 3616 872 3674 et
894 3609 1047 3673 maiorum
1070 3628 1194 3692 qnoque

153 3710 329 3792 beluarum,
366 3731 446 3794 quas
476 3711 588 3777 fluctus
623 3712 725 3793 eiecit,
761 3732 856 3778 carne
888 3719 1068 3779 vescuntur.
1117 3711 1194 3778 Gon·
1214 3730 1245 3778 11

154 3814 288 3899 sumptis
304 3815 400 3898 igitur
413 3815 572 3882 alimentis
587 3815 779 3882 Macedones
794 3817 894 3901 primo
913 3817 1061 3901 inopiam,
1078 3817 1194 3884 deinde

154 3915 197 3984 ad
218 3917 365 3983 ultimum
387 3919 504 3986 famam
527 3920 643 3986 sentire
666 3927 848 4005 coeperunt,
870 3919 995 3986 radices
1017 3921 1194 4006 palmarum
