2970 4322
325 208 390 275 260
711 216 742 282 Q·
761 215 870 268 GURTI
887 215 974 268 RUFI

324 425 438 502 gentes
460 425 549 484 erant
572 426 603 486 et
624 420 744 485 bellum
770 420 906 506 impigre
935 421 1091 506 parabant
1121 419 1295 502 ducemque
1318 441 1361 485 ex

324 524 452 589 natione
469 524 690 607 Sudracarum,
707 531 870 610 spectatae
881 525 1015 605 vimutis,
1032 525 1211 608 elegerant:
1224 525 1278 606 qui
1300 526 1360 589 snb

324 627 483 693 radicibus
505 627 621 694 montis
641 636 746 694 castra
767 630 874 714 posuit
895 630 1023 713 lateque
1037 629 1139 712 ignes,
1163 635 1198 693 ut
1221 628 1360 712 speciem

324 731 534 798 multitudinis
552 739 695 817 augeret,
727 733 874 816 ostendit,
912 736 1049 799 clamore
1083 753 1208 816 quoque
1239 752 1277 797 ac
1310 733 1359 797 sui

323 835 420 900 moris
439 837 560 902 ululatu
578 834 754 903 identidem
776 838 1015 921 acquiescentes
1031 838 1225 903 Macedonas
1243 835 1360 901 trustra

272 944 441 1004 aeternare
464 948 605 1006 conatus.
650 941 720 1005 Iam
742 944 798 1006 lux
827 943 1010 1027 appetebat,
1037 961 1109 1006 cum
1130 962 1195 1023 rex,
1223 941 1359 1006 fiduciae

323 1062 362 1106 ac
384 1043 452 1127 spei
474 1045 598 1129 plenus,
618 1046 742 1110 alacres
764 1047 881 1112 milites
903 1067 996 1111 arma
1025 1065 1139 1131 capere
1162 1051 1195 1111 et
1217 1045 1305 1110 exire
1325 1045 1358 1110 in

323 1147 424 1212 aciem
453 1148 548 1213 iubet.
595 1149 660 1214 Sed
683 1185 724 1196 -
748 1149 834 1214 hand
855 1148 1000 1231 traditur,
1027 1157 1154 1215 metune
1176 1171 1218 1214 an
1249 1150 1359 1214 oborta

323 1251 479 1317 seditione
493 1252 576 1317 iuter
597 1253 684 1337 ipsos
700 1291 742 1299 —
766 1253 869 1319 subito
892 1255 1101 1339 profugerunt
1115 1253 1252 1334 barbari,
1277 1260 1360 1318 certe

323 1354 413 1420 avios
435 1364 557 1422 montes
581 1357 793 1442 ctimpeditos
816 1366 1066 1444 occupaverunt:
1091 1379 1224 1442 quorum
1247 1378 1358 1442 agmen

322 1479 379 1524 rex
401 1459 518 1525 frustra
539 1469 724 1545 persecutus
745 1463 974 1548 impedimenta
995 1463 1088 1548 cepit.

271 1572 304 1622 26
409 1565 600 1630 Perventum
623 1565 738 1632 deinde
761 1566 873 1632 estad
904 1567 1055 1653 oppidum
1077 1567 1300 1647 Sudracarum,
1324 1566 1356 1630 in
1371 1559 1404 1630 13

323 1669 406 1748 quod
422 1668 565 1753 plerique
588 1671 802 1754 confugerant,
819 1670 906 1736 haud
929 1671 1048 1737 maiore
1062 1671 1178 1736 fiducia
1201 1671 1359 1736 moenium

271 1781 304 1830 27
323 1793 418 1855 quam
433 1795 601 1840 armorum.
647 1777 715 1840 Iam
729 1775 920 1841 admovebat
941 1797 1009 1856 rex,
1033 1796 1105 1840 cum
1120 1782 1210 1841 vates
1233 1795 1360 1840 monere

323 1897 395 1942 eum
411 1879 523 1964 coepit,
540 1899 580 1943 ne
596 1880 805 1946 committeret
819 1887 874 1945 aut
889 1887 973 1946 certe
986 1879 1127 1944 differret
1142 1879 1358 1944 obsidionem:

271 1989 305 2039 28
322 1981 407 2048 vitae
430 1982 499 2048 eius
521 1984 696 2068 periculum
720 1983 854 2050 ostendi.
889 1985 966 2065 Rex,
986 1985 1244 2069 Demophontem
1269 2019 1309 2030 -
1332 1981 1358 2046 is

322 2107 458 2170 namque
481 2095 570 2153 vates
593 2096 724 2156 erat-
747 2085 886 2168 intuens,
905 2089 954 2154 ‘si
977 2089 1067 2171 quis',
1096 2087 1209 2170 inquit,
1230 2089 1277 2152 ‘te
1300 2085 1356 2150 aru

324 2197 398 2254 tuae
421 2191 577 2256 intentum
608 2200 640 2258 et
670 2199 744 2258 exta
774 2199 972 2278 spectantem
1002 2193 1049 2258 sic
1078 2191 1268 2278 interpellet,
1299 2210 1359 2254 non

324 2294 474 2375 dubitem,
491 2296 566 2378 quin
581 2297 800 2385 incommodus
816 2318 854 2361 ac
869 2298 1021 2362 molestus
1037 2295 1140 2362 videri
1156 2295 1214 2361 tibi
1237 2294 1358 2380 possit?

271 2409 305 2458 29
323 2399 451 2463 Etcum
477 2401 530 2464 ille
553 2400 599 2465 ita
614 2420 743 2486 prorsus
759 2402 899 2464 futurum
925 2399 1153 2485 respondisset,
1165 2398 1361 2478 ‘Censesne',

323 2503 433 2586 inquit,
467 2507 583 2570 ‘tantas
617 2525 676 2585 res,
713 2526 776 2569 non
817 2504 976 2588 pecudum
1008 2503 1105 2570 fibras
1141 2510 1216 2568 ante
1251 2505 1362 2570 oculos

322 2607 452 2672 habenti
482 2608 584 2673 ullum
616 2629 686 2675 esse
716 2609 818 2672 maius
847 2609 1108 2692 impedimentum
1131 2628 1225 2690 quam
1255 2616 1362 2674 vatem

272 2719 305 2768 30
324 2714 549 2797 superstitione
582 2713 743 2799 captum?
795 2713 865 2778 Nec
899 2713 1017 2777 diutius
1059 2732 1153 2794 quam
1194 2712 1362 2796 respondit

323 2825 463 2882 moratus
485 2818 648 2884 admoveri
677 2818 766 2884 iubet
793 2817 897 2882 scalas
928 2815 1215 2896 cunctantibusque
1247 2816 1362 2882 ceteris

323 2921 431 2986 evadit
446 2921 479 2985 in
495 2943 626 2987 murum.
663 2923 810 3005 Angusta
824 2921 904 2984 muri
917 2939 1033 2984 corona
1048 2925 1131 2984 erat:
1155 2937 1218 2981 non
1236 2918 1365 3002 pinuae,

324 3025 405 3091 sicut
439 3026 526 3104 alibi,
549 3027 712 3108 fastigium
746 3025 815 3090 eius
852 3023 1077 3103 distinxerant,
1114 3022 1172 3086 sed
1206 3032 1365 3108 perpetua

271 3143 302 3192 31
323 3130 421 3195 lorica
443 3130 580 3195 obducta
601 3131 768 3194 transitum
784 3133 956 3213 saepserat.
1001 3128 1115 3208 Itaque
1137 3147 1193 3191 rex
1209 3127 1364 3194 haerebat

322 3235 426 3318 magis
450 3255 545 3317 quam
561 3237 665 3300 stabat
687 3235 719 3298 in
734 3232 888 3316 margine,
906 3232 1008 3316 clipeo
1025 3229 1162 3312 undique
1186 3229 1363 3296 incidentia

281 3387 283 3391 ⁴
322 3340 387 3404 tela
401 3339 609 3422 propulsans:
632 3359 705 3402 nam
727 3355 808 3401 unus
824 3335 947 3401 eminus
971 3355 1011 3400 ex
1025 3333 1165 3398 turribus
1183 3335 1361 3417 petebatur,

271 3454 304 3503 32
323 3460 382 3506 nec
413 3441 520 3506 subire
553 3441 669 3506 milites
698 3447 854 3525 poterant,
890 3438 964 3522 quia
993 3457 1130 3522 superne
1163 3437 1195 3501 vi
1224 3437 1362 3503 telorum

322 3545 543 3609 obruebantur.
581 3543 724 3608 Tandem
739 3542 992 3625 magnitudinem
1007 3541 1142 3626 periculi
1158 3539 1262 3626 pudor
1276 3543 1361 3622 vicit,

323 3648 440 3733 quippe
464 3647 636 3712 comebant
659 3646 861 3712 cunctatione
883 3667 940 3711 sua
971 3645 1046 3711 dedi
1068 3644 1215 3712 hostibus
1237 3667 1357 3730 regem.

271 3764 304 3814 33
324 3750 388 3817 Sed
418 3751 598 3815 festinando
628 3752 832 3816 morabantur
863 3750 989 3814 auxilia.
1032 3749 1117 3814 Nam
1139 3749 1215 3814 dum
1244 3770 1304 3834 pro
1327 3769 1361 3816 se

324 3852 457 3934 quisque
480 3858 579 3916 certat
610 3853 754 3930 evadere,
778 3871 949 3918 oneravere
979 3853 1092 3932 scalas,
1117 3853 1188 3936 quis
1210 3873 1273 3917 non
1298 3854 1360 3919 suf-
