3040 4318
427 219 681 276 HISTORIARUM
698 217 913 272 ALEXANDRI
932 219 955 272 V
976 221 998 272 1.
1017 221 1041 271 2.
1218 221 1260 285 93

220 423 282 506 ille,
315 424 451 492 domitor
473 427 580 509 Asiae,
604 411 662 512 per
684 437 814 490 ΧΧΧΠΙΙ
841 426 911 492 dies
942 426 1107 510 saginatus
1138 426 1181 492 ad
1212 447 1259 507 ea,

221 548 303 610 quae
326 531 550 613 sequebantur,
574 529 759 596 discrimina
773 527 860 594 haud
876 529 972 594 dubie
989 528 1122 594 debilior
1138 530 1261 594 futurus

221 633 290 714 fuit,
315 634 343 698 si
366 634 490 700 hostem
507 635 688 726 habuisset.

328 737 485 820 Ceterum,
517 759 579 822 quo
609 738 712 803 minus
743 737 894 803 damnum
924 738 1063 819 sentiret,
1088 737 1263 804 identidem

223 843 416 908 incremento
446 844 668 909 renovabatur.
714 843 861 924 Namque
884 841 1041 925 Amyntas
1065 841 1261 908 Andromeni
1279 855 1313 905 40

224 946 264 1010 ab
298 945 468 1031 Antipatro
504 945 716 1011 Macedonum
749 945 892 1030 peditum
929 957 966 1009 vl
999 945 1087 1010 milia
1120 945 1263 1026 adduxit,

223 1059 248 1111 D
275 1057 442 1135 praeterea
458 1048 601 1114 eiusdem
613 1049 741 1133 generis
753 1049 885 1131 equites,
899 1069 971 1113 oum
983 1048 1034 1114 his
1045 1059 1093 1112 Dc
1111 1047 1263 1129 Thracas,
1283 1065 1314 1113 41

224 1152 382 1218 adiunctis
416 1153 577 1238 peditibus
612 1173 689 1218 suae
723 1153 828 1236 gentis
858 1164 898 1216 ΙΙΙ
932 1153 1060 1218 milibus
1087 1163 1121 1234 D,
1158 1160 1190 1218 et
1224 1173 1265 1218 ex

224 1257 443 1340 Peloponneso
467 1257 702 1322 mercennarius
725 1257 818 1322 miles
841 1257 883 1321 ad
905 1268 959 1320 1111
981 1256 1069 1322 milia
1091 1256 1265 1322 advenerat

225 1381 297 1425 cum
327 1361 476 1426 trecentis
507 1361 669 1444 octoginta
699 1361 867 1444 equitibus.
912 1361 1007 1427 Idem
1029 1360 1186 1444 Amyntas
1207 1360 1262 1424 ad·
1280 1377 1313 1426 42

227 1464 360 1530 duxerat
389 1475 412 1527 L
446 1465 624 1549 principum
658 1465 865 1530 Macedoniae
902 1465 1035 1530 liberos·
1055 1464 1183 1530 adultos
1221 1464 1264 1528 ad

227 1568 403 1634 custodiam
426 1570 584 1653 corporis:
609 1569 728 1654 quippe
750 1570 832 1634 inter
855 1570 966 1654 epulas
990 1568 1022 1633 hi
1045 1577 1117 1634 sunt
1132 1569 1264 1652 regibus

226 1672 361 1737 ministri
384 1672 533 1755 idemque
550 1693 662 1755 equos
692 1673 874 1738 ineuntibus
904 1673 1060 1757 proelium
1090 1672 1264 1738 admovent

227 1783 443 1858 venantesque
467 1777 656 1842 comitantur
678 1784 710 1842 et
724 1777 906 1860 vigiliarum
921 1777 1009 1843 vices
1032 1785 1106 1842 ante
1128 1777 1265 1843 cubiculi

227 1879 312 1945 sores
347 1888 492 1945 servant:
531 1901 783 1964 magnorumque
817 1881 1049 1965 praefectorum
1083 1889 1115 1946 et
1149 1879 1266 1946 ducum

228 1983 307 2048 haec
329 1984 525 2049 incrementa
547 1991 620 2050 sunt
643 1992 674 2050 et
696 1984 884 2054 rudimenta.

331 2087 432 2170 Igitur
465 2107 532 2169 rex,
567 2088 632 2153 arci
666 2088 842 2172 Babylonis
876 2087 1047 2172 Agathone
1081 2088 1265 2172 praesidere
1285 2105 1318 2154 43

227 2191 314 2256 iusso
349 2211 420 2256 cum
454 2191 665 2278 septingentis
696 2191 907 2257 Macedonum
940 2193 1154 2276 trecentisque
1188 2211 1267 2257 mer-

229 2294 308 2360 cede
342 2295 518 2376 eonductis,
541 2304 712 2381 praetores,
749 2297 803 2379 qui
836 2296 961 2379 regioni
995 2296 1194 2380 Babyloniae
1229 2317 1267 2362 ac

230 2399 360 2464 Ciliciae
384 2407 577 2483 praeessent,
610 2401 768 2464 Menatem
799 2407 830 2464 et
853 2399 1082 2484 Apollodorum
1109 2399 1267 2482 relinquit.

228 2503 369 2568 nmilia
398 2503 437 2569 iis
471 2504 605 2568 militum
635 2523 707 2568 oum
741 2504 827 2568 mille
857 2505 985 2570 talentis
1016 2504 1107 2570 data:
1142 2504 1268 2587 utrique

230 2614 444 2692 pracceptum,
493 2614 528 2672 ut
571 2607 604 2672 in
649 2608 906 2692 supplementum
950 2608 1067 2673 milites
1112 2609 1269 2691 legerent.

230 2713 394 2776 Mazaeum
416 2710 615 2795 transfugam
637 2720 785 2797 satrapea
808 2713 1005 2796 Babyloniae
1029 2713 1134 2794 donat,
1163 2715 1265 2796 Bago·
1285 2727 1320 2776 44

230 2815 377 2899 phanem,
402 2816 456 2898 qui
478 2836 585 2881 arcem
607 2815 790 2898 tradiderat,
819 2837 854 2882 se
878 2817 969 2899 sequi
992 2817 1092 2898 iussit,
1117 2816 1269 2883 Armenia

231 2917 389 2998 Mithreni,
428 2919 576 2984 Sardium
613 2919 775 3004 proditori,
815 2919 890 2985 data
927 2927 984 2985 est.
1042 2920 1093 2984 Ex
1129 2921 1265 3003 pecunia
1282 2935 1315 2985 45

232 3021 347 3086 deinde
378 3023 543 3106 Babylone
573 3023 690 3089 tradita
713 3021 925 3089 Macedonum
955 3024 1113 3106 equitibus
1145 3025 1269 3090 sesceni

232 3125 354 3191 denarii
390 3127 515 3191 tributi:
561 3128 749 3211 peregrinus
783 3140 885 3211 'eques
931 3127 1108 3210 quingenos
1146 3128 1270 3212 accepit
1308 3157 1310 3160 ·

233 3231 373 3296 ducenos
397 3229 506 3315 pedes,
531 3233 628 3298 ceteri
651 3231 845 3317 stipendium
868 3233 1007 3296 duorum
1029 3254 1182 3300 mensum.

695 3425 759 3478 Can.
778 3425 812 3479 ll.

196 3551 215 3623 ἵ
333 3547 393 3612 His
425 3547 470 3612 ita
504 3546 687 3630 compositis
721 3545 753 3610 in
787 3545 959 3630 regionem,
999 3566 1082 3628 quae
1119 3553 1298 3629 satrapear

236 3654 396 3718 Sittacene
419 3659 558 3731 vocatur,
589 3651 750 3735 pervenit:
783 3649 896 3715 fertilis
926 3657 1020 3730 terre,
1052 3649 1144 3734 copia
1166 3670 1271 3714 rerum

235 3765 266 3822 et
290 3757 374 3822 omni
405 3761 582 3820 commeatu
613 3754 787 3820 abundans.
833 3754 946 3836 Itaque
977 3753 1094 3817 diutius
1125 3752 1170 3817 ibi
1200 3753 1306 3817 sub-2

235 3861 315 3926 stitit
343 3881 390 3942 ac,
425 3881 466 3925 nc
496 3858 625 3924 desides
656 3858 719 3923 otio
750 3858 952 3923 demitterent
982 3857 1113 3937 animos,
1149 3855 1270 3920 iudices
