2976 4322
345 212 596 267 HISTORIARUM
614 213 830 267 ALEXANDRI
849 214 912 266 VIII
931 217 955 266 l.
976 215 999 266 5.
1098 235 1101 242 ¹
1129 215 1192 278 217

158 419 189 482 id
222 419 340 483 bellum
375 420 597 501 sequebantur.
645 421 777 502 Iamque
809 421 955 486 omnibus
985 421 1229 506 praeparatiss

158 523 241 604 quod
272 523 348 588 olim
381 545 482 608 prava
514 531 620 589 mente
654 532 853 608 conceperat,
887 535 981 588 ratus
1014 533 1089 590 tune
1123 545 1194 591 esse

157 635 321 708 matumm,
357 649 495 710 quonam
528 628 624 693 modo
659 629 816 693 caelestes
850 629 987 694 honores
1017 637 1194 716 usurparet,

157 733 260 817 coepit
290 732 422 815 agitare.
469 732 556 798 Iovis
586 732 685 797 filium
718 754 782 798 non
812 733 875 797 dici
905 741 1028 798 tantum
1059 755 1102 814 se,
1138 735 1195 799 sed

157 837 249 901 etiam
273 837 360 902 credi
382 837 518 918 volebat,
549 845 712 919 tamquam
742 837 873 922 perinde
901 837 1015 902 animis
1038 838 1194 922 imperare

156 948 263 1026 posset
280 962 318 1006 ac
349 941 477 1025 linguis,
507 943 663 1024 iussitque
694 963 791 1007 more·
805 944 973 1007 Persarum
997 943 1192 1008 Macedonas
1212 953 1227 1004 6

155 1046 397 1112 venerabundos
408 1046 513 1131 ipsum
527 1048 675 1127 salutare,
691 1053 929 1130 prosternentes
945 1047 1032 1111 humi
1049 1068 1192 1132 corpora.

155 1151 225 1216 Non
250 1150 360 1216 deerat
382 1153 460 1216 talia
482 1151 721 1236 concupiscenti
743 1151 924 1235 perniciosa
946 1150 1100 1230 adulatio,
1126 1172 1194 1235 per-

154 1263 282 1340 petuum
304 1257 423 1320 malum
445 1276 568 1338 regum,
600 1275 734 1337 quorum
757 1276 835 1339 opes
866 1255 995 1339 saepius
1019 1255 1193 1320 assentatio

155 1381 248 1442 quam
271 1360 372 1426 hostis
396 1361 519 1426 evertit.
565 1360 634 1424 Nee
657 1358 868 1424 Macedonum
901 1359 982 1424 haec
1009 1366 1077 1423 erat
1100 1360 1194 1443 culpa
1213 1370 1228 1419 7

154 1502 194 1511 —
216 1486 309 1530 nemo
333 1465 418 1530 enim
440 1465 568 1530 illorum
592 1464 763 1547 quicquam
786 1485 826 1528 ex
846 1464 949 1547 patrio
973 1484 1060 1528 more
1083 1463 1194 1528 labare

153 1569 359 1634 sustinuit-
376 1568 433 1634 sed
449 1568 652 1649 Graecorum,
671 1569 724 1651 qui
740 1567 973 1652 professionem
989 1568 1194 1632 honestarum

152 1675 265 1738 artium
281 1673 374 1738 malis
391 1680 596 1757 corruperant
611 1672 763 1737 moribus.
803 1671 883 1753 Agis
899 1671 1027 1754 quidem
1043 1670 1192 1753 Argivus,
1212 1680 1228 1731 8

152 1777 362 1861 pessimorum
392 1778 567 1842 carminum
597 1784 671 1862 post
694 1775 876 1840 Choerilum
907 1775 1060 1855 conditor,
1092 1783 1123 1840 et
1154 1797 1194 1840 ex

152 1881 263 1946 Sicilia
285 1881 361 1946 Cleo
385 1919 428 1927 -
450 1881 503 1946 hic
526 1881 654 1963 quidem
670 1901 734 1944 non
749 1879 871 1961 ingenii
888 1880 998 1959 solum,
1024 1879 1193 1944 sedetiam

150 1986 288 2051 nationis
322 1985 401 2051 vitio
435 1985 584 2050 adulator
618 2021 660 2030 -
695 1991 726 2048 et
761 1990 868 2047 cetera
904 1983 1030 2048 urbium
1065 2003 1192 2048 suarum

150 2096 362 2173 purgamenta
384 2089 570 2174 propinquis
594 2070 690 2152 etiam
706 2087 979 2168 maximorumque
995 2086 1192 2151 exercituum

151 2191 286 2257 ducibus
321 2214 341 2257 a
373 2213 451 2276 rege
485 2192 757 2277 praeferebantur.
812 2190 854 2254 Hi
887 2197 955 2254 tum
990 2189 1114 2255 caelum
1147 2189 1193 2254 illi

149 2296 337 2380 aperiebant
370 2296 607 2378 Herculemque
642 2303 674 2360 et
707 2297 835 2359 Patrem
868 2293 1019 2358 Liberum
1056 2301 1088 2358 et
1121 2314 1193 2358 oum

149 2400 281 2464 Polluce
305 2399 470 2465 Castorem
492 2421 576 2465 novo
603 2399 725 2463 numini
756 2419 903 2464 cessuros
927 2419 997 2463 esse
1020 2397 1191 2463 iactabant.

93 2495 136 2565 18
149 2503 254 2584 Igitur
276 2502 359 2569 festo
384 2503 436 2568 die
453 2505 536 2568 omni
555 2503 718 2590 opulentia
734 2503 914 2568 convivium
931 2503 1077 2567 exornari
1092 2503 1189 2588 iubet,
1211 2513 1227 2562 9

148 2606 202 2670 eui
224 2627 288 2670 non
304 2606 498 2671 Macedones
522 2606 617 2671 modo
634 2615 665 2671 et
681 2606 806 2686 Graeci,
830 2605 991 2691 principes
1007 2606 1192 2684 amicorum,

148 2709 208 2774 sed
239 2711 334 2774 etiam
363 2709 487 2776 nobiles
519 2711 657 2774 barbari
685 2709 920 2774 adhiberentur.
967 2709 1046 2774 (lum
1077 2707 1191 2791 quibus

147 2834 223 2877 oum
246 2813 461 2879 discubuisset
483 2835 549 2897 rer,
579 2814 742 2898 paulisper
765 2813 911 2896 epulatus
934 2811 1080 2878 convivio
1104 2833 1192 2894 egre-

147 2917 243 2980 ditur.
296 2916 383 2996 Cleo,
420 2917 502 2982 sicut
535 2925 760 3002 praeparatum
794 2924 870 2996 erat,
906 2937 1083 2982 sermonem
1118 2937 1190 2980 cum
1210 2946 1243 2995 10

146 3020 359 3085 admiratione
389 3021 519 3085 laudum
550 3022 618 3086 eius
648 3021 792 3085 instituit.
840 3021 953 3084 Merita
984 3020 1100 3084 deinde
1123 3040 1190 3105 per-

146 3125 289 3190 censuit:
326 3126 442 3207 quibus
473 3145 536 3190 uno
571 3124 667 3189 modo
701 3124 814 3188 referri
844 3124 980 3206 gratiam
1013 3145 1118 3210 posse,
1153 3123 1188 3204 si,

145 3248 244 3309 quem
259 3227 481 3310 intellegerent
498 3228 592 3292 deum
610 3249 691 3309 esse,
716 3227 947 3308 confiterentur,
972 3229 1090 3310 exigua
1111 3229 1190 3292 turis

143 3331 294 3415 impensa
316 3339 405 3397 tanta
428 3332 582 3397 beneficia
604 3332 776 3418 pensaturi.
823 3333 938 3396 Persas
970 3331 1098 3414 quidem
1127 3353 1191 3396 non
1212 3346 1241 3394 11

68 3471 72 3478 ·
144 3436 201 3520 pie
227 3437 338 3517 solum,
373 3436 430 3500 sed
461 3437 556 3500 etiam
586 3437 759 3520 prudenter
788 3457 882 3518 reges
910 3456 985 3501 suos
1008 3435 1090 3500 inter
1113 3434 1190 3500 deos

145 3539 272 3604 colere:
304 3527 505 3605 maiestatem
536 3541 620 3604 enim
650 3541 774 3625 imperii
806 3540 915 3604 salutis
947 3561 1017 3605 esse
1047 3539 1188 3604 tutelam.

143 3642 198 3707 Ne
221 3642 393 3708 Herculem
416 3644 544 3725 quidem
575 3651 606 3708 ct
629 3645 757 3708 Patrem
779 3642 930 3707 Liberum
952 3642 1040 3727 prius
1064 3643 1187 3708 dicatos

144 3745 227 3811 deos
261 3767 358 3828 quam
392 3747 544 3812 vicissent
575 3768 683 3812 secum
713 3748 888 3812 viventium
918 3745 1087 3811 invidiam:
1122 3754 1188 3810 tan-

142 3849 278 3915 tundem
316 3869 443 3932 quoque
480 3858 626 3935 posteros
665 3850 804 3931 credere,
845 3857 997 3931 quantum
1033 3869 1186 3934 praesens
