3028 4322
429 251 680 305 HISTORlARUM
700 252 916 305 ALEXANDRI
934 253 973 304 llI
994 255 1033 305 12.
1208 254 1249 316 27

212 457 308 522 etiam
339 465 495 543 apparatu
526 457 680 542 pristinae
710 458 856 522 fortunae
886 457 1014 541 reginas
1044 457 1123 524 fore.
1169 459 1251 524 Tum

212 560 340 626 demum
363 562 461 628 Darei
484 569 586 626 mater
606 561 737 627 allevari
761 582 796 626 se
818 582 912 647 passa
935 569 993 628 est.

159 662 198 733 31
317 665 501 756 Alexander
523 672 652 751 postero
676 665 728 731 die
751 686 824 731 oum
848 686 924 730 cura
940 667 1073 751 sepultis
1088 667 1249 748 militibus,
1271 684 1303 735 13

211 790 346 852 quorum
382 790 517 856 corpora
550 770 723 851 invenerat,
760 771 932 834 Persarum
966 790 1091 853 quoque
1125 770 1251 836 nobilis·

211 872 300 940 simis
335 875 473 941 eundem
506 875 659 940 honorem
692 873 805 940 haberi
838 874 926 940 iubet
960 875 1119 958 matrique
1153 876 1251 941 Darei

211 980 374 1064 permittit,
399 1000 479 1063 quos
497 979 604 1060 vellet,
629 979 733 1062 patrio
748 999 835 1044 more
852 979 1011 1064 sepeliret.
1057 979 1116 1044 Illa
1132 999 1252 1063 paucos
1272 997 1305 1046 14

211 1091 283 1148 arta
320 1084 558 1169 propinquitate
603 1084 787 1148 coniunctos
832 1104 890 1168 pro
927 1083 1039 1148 habitu
1076 1083 1252 1168 praesentis

211 1188 359 1253 fortunae
382 1187 509 1252 humari
532 1187 632 1268 iussit,
656 1194 846 1273 apparatum
869 1188 1026 1268 funerum,
1051 1207 1113 1271 quo
1136 1188 1253 1254 Persae

211 1311 361 1377 suprema
384 1291 490 1356 officia
513 1292 720 1372 celebrarent,
752 1288 944 1356 invidiosum
968 1291 1035 1356 fore
1059 1290 1252 1373 existimans,

212 1416 285 1460 cum
308 1396 444 1461 victores
468 1395 558 1460 band
580 1395 719 1480 pretiose
743 1403 968 1460 cremarentur.
1014 1395 1147 1478 Iamque
1162 1393 1254 1460 iustis
1274 1411 1306 1461 15

213 1500 436 1565 defunctorum
460 1500 652 1584 ¹corporibus
683 1500 795 1564 solutis
826 1499 1000 1585 praemittit
1028 1499 1071 1565 ad
1102 1500 1253 1584 captivas,

213 1605 268 1687 qui
299 1605 489 1685 nuntiarent,
522 1605 626 1690 ipsum
656 1605 775 1685 venire,
807 1604 1007 1687 inhibitaque
1037 1604 1254 1669 comitantium

212 1711 307 1775 turba
329 1710 570 1776 tabernaculum
593 1730 665 1774 cum
688 1709 929 1794 Hephaestione
951 1710 1057 1775 intrat.
1103 1709 1135 1773 11
1157 1709 1254 1792 longe
1275 1722 1307 1772 16

213 1814 352 1878 omniurn
379 1813 554 1879 amicorum
585 1814 769 1878 carissimus
800 1821 868 1880 erat
897 1814 975 1897 regi,
1008 1833 1079 1878 oum
1109 1813 1179 1896 ipso
1202 1833 1251 1897 pa-

212 1920 290 1983 riter
330 1919 475 2001 eductus,
515 1927 709 1985 secretorum
747 1920 888 1985 omnium
925 1920 1060 1984 arbiter:
1099 1918 1256 1984 libertatis

213 2043 340 2106 quoqne
365 2024 398 2089 in
421 2023 620 2089 admonendo
644 2043 682 2088 eo
713 2043 776 2088 non
800 2024 883 2088 alius
905 2024 1012 2109 anapia
1034 2023 1083 2088 ius
1106 2021 1254 2102 habebat,

213 2127 300 2210 quod
323 2135 431 2193 tamen
454 2129 499 2194 ita
522 2129 707 2212 usurpabat,
739 2135 773 2192 ut
796 2129 900 2211 magis
922 2149 942 2192 a
964 2148 1043 2210 rege
1065 2126 1256 2211 permissum

214 2251 309 2313 qnam
333 2232 529 2298 vindicatum
553 2232 594 2296 ab
618 2252 657 2296 eo
684 2232 862 2298 videretur:
895 2239 927 2296 et
956 2231 1039 2296 sicut
1068 2237 1175 2296 aetate
1198 2251 1256 2314 par

216 2343 284 2400 erat
306 2337 386 2420 regi,
411 2337 456 2401 ita
474 2336 616 2421 corporis
631 2335 744 2402 habitu
767 2338 961 2420 praestabat.
998 2335 1087 2418 Ergo
1108 2334 1253 2417 reginae,
1274 2345 1307 2395 17

212 2439 302 2504 illum
323 2459 395 2506 esse
418 2460 529 2521 regem
551 2447 652 2520 ratae,
676 2459 734 2505 suo
756 2460 845 2505 more
860 2447 1032 2505 veneratae
1055 2446 1138 2504 sunt.
1173 2438 1254 2502 Inde

212 2564 253 2608 cx
279 2544 416 2628 captivis
436 2541 643 2629 spadonibus,
668 2543 740 2626 quis
755 2543 940 2608 Alexander
962 2551 1058 2623 11111,
1082 2549 1257 2608 monstran-

211 2647 309 2729 tibus,
326 2648 517 2732 Sisigambis
533 2647 687 2713 advoluta
704 2655 753 2713 est
768 2648 908 2732 pedibus
924 2647 1002 2728 eius,
1022 2646 1256 2731 ignorationem

210 2771 384 2835 numquam
407 2759 502 2817 antea
524 2752 586 2817 visi
618 2752 705 2835 regis
740 2771 907 2817 excusans.
955 2751 1059 2828 Quam
1088 2771 1185 2814 manu
1214 2751 1256 2814 al-

215 2858 328 2922 levans
358 2877 424 2936 rex,
455 2855 541 2919 ‘Non
572 2855 706 2936 errasti',
741 2855 853 2938 inquit,
885 2858 1006 2936 ‘maten
1038 2874 1112 2918 nam
1142 2861 1174 2918 et
1204 2853 1256 2918 hic

158 2959 201 3030 32
211 2959 400 3024 Alexander
425 2962 500 3024 est’.
547 2959 705 3042 Equidem
728 2960 789 3023 bac
816 2959 1012 3023 continentia
1041 2958 1138 3021 animi
1162 2957 1189 3022 si
1213 2956 1256 3021 ad
1276 2969 1308 3018 18

211 3063 356 3128 ultimum
387 3062 473 3128 vitae
504 3083 711 3148 perseverare
744 3063 909 3146 potuisset,
945 3062 1122 3127 feliciorem
1156 3060 1256 3124 fuisse

216 3167 381 3233 eraderem
405 3187 501 3248 qnam
524 3166 614 3232 visus
645 3175 694 3232 111
724 3186 805 3248 1111,
837 3187 909 3230 oum
932 3166 1039 3231 Liberi
1062 3165 1166 3230 Patris
1188 3165 1255 3228 imi-

218 3279 339 3336 taretur
362 3270 566 3355 triumphum,
597 3290 700 3353 usque
731 3272 772 3335 ab
795 3270 1007 3354 Hellesponto
1029 3269 1072 3334 ad
1094 3268 1256 3333 Oceanum

214 3394 323 3440 omnes
354 3382 468 3457 gentes
498 3374 634 3439 victoria
663 3393 821 3439 emensus.
869 3374 923 3440 Sic
952 3373 1084 3439 vicisset
1113 3371 1308 3456 protectore

214 3479 397 3564 superbiam
427 3486 523 3562 atque
554 3479 644 3562 iram,
677 3478 764 3542 mala
794 3477 931 3542 invicta:
968 3477 1015 3542 sic
1049 3475 1256 3541 abstinuisset

213 3583 298 3647 inter
320 3583 432 3668 epulas
455 3582 608 3647 caedibus
630 3581 804 3646 amicorum
827 3581 1042 3665 egregiosque
1064 3580 1149 3644 bello
1171 3579 1257 3644 viros

216 3695 247 3752 et
270 3694 316 3752 tot
343 3687 485 3770 gentium
516 3706 625 3751 secum
656 3685 827 3751 domitores
858 3685 979 3750 indicta
1009 3704 1107 3750 11111
1136 3685 1256 3749 veritus

215 3798 303 3856 esset
339 3789 496 3855 occidere.
545 3789 611 3855 Sed
645 3789 785 3853 nondum
820 3789 947 3854 fortuna
981 3808 1015 3853 se
1048 3787 1152 3852 animo
1188 3787 1256 3852 eius
1275 3800 1309 3850 20

212 3892 458 3979 superfudcrat:
482 3893 591 3976 itaque
606 3894 760 3968 ¹orientem
775 3900 841 3956 tam
856 3892 1019 3957 moderate
1037 3899 1067 3955 et
1082 3889 1256 3976 prudenter
