3040 4318
402 213 654 268 Hrssosmsuru
673 214 886 267 nnnxnnoru
906 213 943 266 vr
962 217 986 267 9.
1007 217 1046 266 10.
1188 213 1250 276 155

209 443 260 487 me
281 421 432 487 videlicet
455 419 657 486 subtrahent!
694 419 837 503 Maligna
859 427 908 485 est
931 419 1103 499 calamitas,
1128 417 1249 484 atsere

199 527 332 616 posius,
365 544 437 590 cnm
460 545 517 590 suo
548 524 704 609 supplicio
735 524 901 605 crucietur,
937 523 1112 606 acquiescit
1134 523 1247 588 alieno.

207 631 268 696 Tot
291 630 419 710 conscii,
444 649 503 694 nec
530 628 562 694 in
586 627 731 694 eculeum
754 627 885 710 quidam
907 628 1047 714 impositi
1069 648 1181 693 verum
1202 625 1247 692 fa·
1269 639 1302 688 10

207 734 380 800 tebuntur?
426 732 523 816 Atqui
554 753 648 797 nemo
682 733 785 817 parcit
815 733 973 814 morituro,
1009 752 1069 797 nec
1101 731 1248 813 cuiquam

153 836 198 908 38
210 837 387 919 moriturus,
416 844 451 902 nt
481 837 601 922 opinor.
647 837 700 902 Ad
729 857 839 902 verum
870 836 991 902 crimen
1021 843 1052 902 et
1082 834 1124 902 ad
1149 855 1247 902 unum
1268 846 1297 896 11

205 941 470 1026 praevertendum
493 941 570 1006 mihi
593 948 659 1006 est:
687 943 854 1006 “currem
878 939 1018 1006 delatam
1040 940 1083 1004 ad
1106 947 1138 1006 te
1162 946 1248 1004 tacu·

205 1045 283 1111 isti?
307 1067 362 1112 our
384 1053 450 1111 tam
473 1065 604 1111 securus
627 1044 745 1111 audisti
753 1044 789 1108 ‘?’'
828 1045 907 1126 Hoc,
935 1045 1165 1128 qualecumque
1189 1051 1245 1124 est,

206 1149 352 1216 confesso
390 1151 477 1232 mihi,
521 1150 711 1234 ubicumque
749 1170 792 1231 es,
840 1148 1032 1232 Alexander,
1078 1147 1246 1214 remisisti:

204 1253 373 1320 dexteram
407 1262 494 1320 tuam
528 1254 703 1340 amplexus,
743 1255 941 1320 reconciliati
980 1254 1097 1340 pignus
1137 1252 1245 1333 animi,

204 1359 352 1424 convivio
375 1378 500 1441 quoquo
523 1358 660 1424 interfui.
711 1358 745 1424 Si
768 1359 931 1424 credidisti
962 1359 1049 1440 mihi,
1080 1357 1245 1422 absolutus
1266 1366 1299 1416 12

206 1483 285 1544 sum,
310 1463 337 1528 si
359 1463 539 1548 pepercisti,
564 1463 730 1528 dimissus:
753 1465 805 1529 vel
827 1463 979 1528 iudicium
994 1463 1043 1528 vel
1058 1462 1246 1544 beneficiam

205 1575 293 1632 tuum
323 1587 425 1634 serva.
474 1567 558 1644 Quid
589 1567 650 1632 hac
679 1568 826 1652 proxima
856 1575 958 1648 nocte,
990 1588 1053 1649 qua
1083 1566 1246 1650 digressus

206 1691 275 1736 sum
298 1691 451 1736 amensa
481 1679 549 1751 tua,
575 1671 664 1736 feci?
698 1671 790 1754 quod
814 1691 931 1736 novum
955 1671 1080 1736 facinus
1104 1669 1246 1734 delatum

121 1833 123 1838 .
206 1775 249 1840 ad
277 1783 309 1840 te
339 1775 472 1840 mutavit
501 1775 641 1840 animum
677 1773 790 1840 tunm?
842 1775 939 1841 Gravi
969 1793 1083 1860 sopore
1120 1773 1245 1856 acquic·
1266 1781 1298 1831 13

205 1879 343 1960 scebam,
376 1900 447 1945 cum
469 1899 529 1961 me,
553 1879 646 1944 malis
662 1879 905 1944 indormientem
921 1879 1010 1960 meis,
1035 1878 1156 1943 inimici
1178 1877 1245 1942 vin-

206 1983 319 2049 ciendo
349 1984 577 2049 excitaverunt.
624 1983 718 2049 Unde
750 1992 781 2049 et
810 1983 989 2070 parricidae
1024 1988 1056 2048 et
1089 1981 1245 2067 proditori

204 2095 269 2152 tam
291 2088 348 2152 alti
371 2088 472 2170 quies·
485 2087 613 2153 somni?
649 2088 806 2154 Scelerati
829 2087 1025 2155 conscicntia
1040 2089 1243 2171 obstrepente
1265 2094 1297 2143 14

205 2191 402 2258 condormire
428 2213 493 2262 non
521 2200 671 2278 possunt:
702 2194 828 2277 agitant
858 2211 914 2258 eos
942 2193 1044 2258 furiae
1075 2213 1138 2258 non
1175 2211 1245 2256 con-

204 2303 360 2362 summato
383 2295 486 2377 modo,
511 2296 568 2362 sed
591 2296 687 2361 etiam
710 2297 850 2380 cogitato
873 2296 1053 2381 parricidio.
1101 2295 1144 2359 At
1165 2294 1244 2358 mihi

203 2400 407 2466 securitatem
430 2400 564 2485 primum
585 2401 768 2467 innocentia
790 2423 870 2482 mea,
896 2399 1011 2466 deinde
1035 2406 1089 2464 tna
1112 2396 1245 2464 dextera

203 2503 377 2584 obtulerat:
408 2524 472 2569 non
494 2504 593 2585 timui,
625 2525 665 2568 ne
695 2507 768 2590 plus
798 2505 923 2570 alienae
954 2502 1135 2569 crudelitati
1158 2501 1243 2586 apud

202 2614 234 2672 te
256 2608 365 2673 liceret
389 2629 484 2690 quam
503 2607 691 2674 clementiae
714 2617 797 2674 tuae.
837 2608 902 2673 Sed
925 2629 965 2674 ne
987 2614 1020 2672 te
1042 2607 1121 2671 mihi
1144 2605 1295 2670 credi-15

203 2709 289 2776 disse
311 2711 479 2796 paeniteat,
504 2731 556 2777 res
578 2712 621 2785 ad
636 2734 686 2778 me
703 2712 911 2778 deferebatur
933 2734 953 2776 a
975 2731 1083 2796 puero,
1110 2710 1242 2792 quinon

201 2821 324 2896 testem,
356 2836 420 2880 non
443 2816 560 2900 pignus
582 2815 691 2880 indicii
709 2817 862 2882 exhibere
885 2823 1019 2900 poterat,
1053 2814 1243 2898 impleturus

202 2939 312 2985 omnes
345 2927 442 3000 metu,
477 2921 503 2985 si
538 2921 695 3004 coepisset
728 2920 839 2985 audiri.
886 2919 1046 2986 Amatoris
1081 2925 1112 2983 et
1146 2916 1241 2982 scorti
1263 2903 1310 2981 16'

200 3022 304 3106 iurgio
326 3023 483 3107 interponi
506 3043 599 3089 aures
623 3045 709 3090 meas
732 3024 854 3089 credidi
876 3024 988 3089 infelix
1012 3029 1043 3087 et
1059 3021 1153 3086 fidem
1177 3021 1241 3085 eius

201 3133 381 3210 suspectam
404 3126 510 3208 habui,
543 3127 628 3210 quod
658 3149 721 3196 non
752 3129 821 3214 ipse
852 3128 999 3208 deferret,
1031 3125 1088 3191 sed
1110 3123 1242 3190 fratrem

200 3230 306 3313 potins
342 3233 538 3297 subornaret.
594 3232 708 3313 Timui,
747 3253 788 3297 ne
825 3239 959 3314 negaret
997 3229 1168 3296 mandasse
1205 3247 1241 3293 se
1262 3243 1294 3293 17

202 3332 364 3416 Cebalino,
392 3343 423 3400 et
446 3355 507 3418 ego
538 3335 665 3401 viderer
695 3337 803 3401 multis
832 3337 1007 3402 amicorum
1030 3334 1118 3418 regis
1141 3333 1242 3398 fuisse

200 3439 332 3522 periculi
365 3459 471 3506 causa.
526 3440 577 3506 Sic
613 3461 748 3524 quoque,
784 3462 857 3506 cum
891 3439 1038 3506 laeserim
1071 3437 1293 3516 neminem,1s

200 3542 313 3623 inveni,
349 3543 402 3626 qui
435 3545 545 3609 mallet
580 3545 682 3629 perire
712 3565 764 3609 me
798 3566 893 3628 quam
922 3544 1112 3608 incolumem
1154 3561 1240 3606 esse:

200 3645 275 3728 qnid
297 3646 531 3712 inimicitiarum
553 3647 685 3714 creditis
702 3656 907 3732 excepturum
924 3646 1031 3726 fnisse,
1056 3645 1082 3710 si
1096 3645 1241 3710 insontes

199 3750 424 3817 lacessissem‘?
469 3752 511 3816 At
535 3752 619 3818 enim
642 3753 789 3836 Dymnus
812 3773 846 3818 se
869 3750 1002 3816 occidit!
1038 3749 1122 3814 Num
1144 3748 1241 3830 igitur
1261 3759 1293 3809 19

198 3853 364 3952 facturum!
379 3875 450 3920 eum
474 3854 618 3921 divinare
641 3855 754 3940 potui?
790 3855 928 3920 Minime.
954 3854 1012 3935 Ita,
1039 3852 1123 3935 quod
1139 3851 1240 3918 solum
