2976 4322
344 128 598 183 HISTORIARUM
615 129 832 184 ALEXANDRI
850 131 915 183 VIII
934 133 957 184 9.
979 135 1019 183 10.
1141 131 1202 196 231

164 344 390 422 supervenerat
415 335 570 401 Craterus.
606 336 729 419 Itaque,
752 343 786 400 ut
808 336 962 421 principio
989 344 1140 403 terrorem
1162 338 1205 402 in-

160 448 281 507 cuteret
302 441 390 524 genti
412 438 552 506 nondum
578 461 667 505 arma
689 440 899 506 Macedonum
931 449 1090 525 expertae,
1114 463 1203 526 prae-

160 546 244 630 cipit,
268 565 308 610 ne
331 545 381 610 cui
403 552 593 629 parceretur,
617 545 818 609 munimentIs
838 545 932 626 urbia,
958 565 1053 629 quam
1077 545 1200 612 obside-

159 651 222 732 bat,
245 649 392 716 incensis.
416 648 572 730 Ceterum,
597 647 672 712 dum
695 649 858 730 obequitat
881 649 1056 731 moenibus,
1081 651 1200 733 sagitta
1222 664 1238 714 6

160 755 249 820 ictus.
295 754 387 839 Cepit
419 761 526 818 tamen
556 751 717 838 oppidum,
748 760 779 818 et
810 753 954 819 omnibus
988 753 1100 819 incolis
1137 755 1204 820 eius

161 857 324 923 trucidatis
348 857 444 922 etiam
467 857 500 920 in
523 863 608 922 tecta
631 857 788 922 saevitum
811 865 868 922 est.

109 958 154 1029 35
268 960 348 1026 Inde
371 960 490 1026 domita
511 961 644 1043 ignobili
667 968 763 1043 gente
786 961 828 1026 ad
850 962 973 1045 Nysam
1004 963 1114 1027 urbem
1136 985 1203 1048 per·
1223 975 1239 1024 7

162 1067 256 1132 vonit.
303 1065 398 1131 Forte
421 1065 532 1131 castris
564 1072 637 1130 ante
660 1065 731 1150 ipsa
761 1066 886 1132 moenia
908 1067 941 1131 in
972 1067 1117 1132 silvestri·
1135 1068 1205 1133 loco

161 1171 271 1256 positis
286 1177 472 1236 nocturnum
495 1169 596 1253 frigus
612 1170 830 1237 vehementius
855 1190 950 1253 quam
973 1171 1055 1236 alias
1076 1171 1206 1238 horrore

162 1297 294 1361 corpora
316 1274 432 1356 affecit,
456 1281 729 1359 opportunumque
756 1272 932 1340 remedium
954 1275 1039 1358 ignis
1065 1276 1206 1340 oblatum

164 1387 226 1444 est:
251 1378 365 1444 caesis.
379 1378 496 1463 quippe
527 1378 616 1444 silvis
647 1377 808 1444 flammam
839 1379 1066 1444 excitaverunt.
1103 1379 1241 1461 Quales

164 1483 257 1566 lignis
277 1483 363 1564 alita,
377 1482 609 1568 oppidanorum
632 1483 778 1568 sepulcra
801 1483 1048 1568 comprehendit.
1073 1486 1207 1550 Vetusta

164 1586 258 1652 cedro
282 1593 370 1652 erant
386 1586 472 1651 facta
488 1593 743 1671 conceptumque
758 1587 867 1669 ignem
883 1587 946 1652 late
963 1587 1082 1669 fudere,
1106 1587 1207 1653 donet

164 1691 269 1756 omnia
299 1692 367 1756 solo
395 1698 532 1775 aequata
556 1698 637 1756 sunt.
684 1692 724 1756 111
755 1712 795 1756 cx
825 1692 902 1756 urbe
933 1692 1068 1776 primum
1095 1705 1242 1757 0011111119

163 1795 304 1875 10110100,
339 1793 454 1860 deinde
489 1795 584 1859 etiam
619 1794 781 1858 hominum
815 1789 958 1860 fremitus
993 1795 1119 1860 auditus
1148 1803 1205 1860 est.

163 1899 252 1962 Tunc
275 1905 307 1963 et
330 1897 480 1982 oppidani
503 1897 627 1962 hostem
651 1905 682 1962 et
705 1897 897 1963 Macedones
920 1897 962 1962 ad
985 1899 1095 1964 urbem
1118 1899 1205 1983 ipsos

162 2002 288 2067 venisse
322 2009 526 2084 cognoscunt.
573 2002 704 2084 Iamque
742 2001 798 2067 rex
839 2003 992 2068 eduxerat
1027 2003 1135 2088 copias
1175 2011 1206 2068 et
1226 2016 1259 2065 10

165 2105 290 2171 moenia
319 2104 494 2187 obsidebat,
519 2127 590 2170 cunr
620 2106 766 2187 hostium,
791 2106 845 2187 qui
876 2105 1045 2172 discrimen
1075 2114 1208 2191 tcmpta-

163 2217 284 2291 verant,
308 2209 411 2274 obruti
441 2209 512 2275 telis
543 2217 624 2274 sunt.
671 2209 751 2274 Aliis
787 2231 864 2292 ergo
899 2209 1103 2290 deditionem,
1137 2211 1209 2275 aliis

164 2334 305 2398 pugnam
327 2313 461 2399 experiri
485 2315 648 2399 placebat:
673 2334 805 2396 quorum
824 2313 1020 2379 dubitatione
1045 2322 1209 2399 comperta

165 2417 387 2484 circumsederi
421 2424 543 2482 tantum
577 2437 632 2483 eos
666 2425 698 2482 et
732 2418 883 2482 abstineri
917 2417 1068 2483 caedibus
1100 2418 1208 2482 iussit:

165 2521 356 2603 tandemque
379 2521 552 2587 obsidionis
575 2521 667 2586 malis
691 2521 817 2604 fatigati
841 2521 991 2586 dedidere
1015 2542 1058 2587 se.
1106 2521 1135 2585 Α
1158 2522 1207 2585 Li·
1228 2537 1258 2584 11

164 2627 241 2692 bero
257 2626 351 2690 Patre
370 2625 514 2690 conditos
533 2646 567 2690 se
591 2645 662 2691 esse
681 2625 838 2707 dicebant,
863 2633 894 2691 et
916 2647 993 2691 vera
1014 2627 1093 2690 baec
1118 2626 1207 2708 origo

165 2737 241 2796 crat.
288 2729 357 2794 Sita
383 2737 431 2794 est
461 2731 519 2795 sub
548 2729 707 2795 radicibus
742 2730 866 2811 montis,
903 2751 997 2813 quem
1021 2731 1131 2794 Meron
1164 2730 1261 2793 111-11

165 2835 255 2900 colae
277 2835 448 2919 appellant.
472 2834 552 2899 Inde
569 2833 682 2899 Graeci
702 2833 874 2900 mentiendi
895 2841 1020 2898 traxere
1037 2834 1208 2914 licentiam,

109 2938 393 3013 361011010011110
423 2938 571 3004 Liberum
600 2940 727 3004 Patrem
758 2958 827 3004 esse
859 2939 1004 3003 celatum.
1042 2937 1122 3018 Rex,
1147 2938 1209 3002 situ
1228 2952 1261 3001 13

166 3043 281 3108 montis
304 3043 432 3126 cognito
456 3063 496 3108 ex
525 3043 647 3124 incolis,
671 3049 827 3108 0111111010
859 3042 998 3107 exercitu
1026 3041 1208 3126 praemissis

166 3147 392 3212 commeatibus
415 3147 567 3213 verticem
597 3147 665 3212 eius
692 3146 844 3212 ascendit.
891 3147 991 3210 Multa
1021 3146 1141 3210 hedera
1163 3145 1209 3209 vi-

166 3251 271 3334 tisque
286 3258 352 3316 toto
365 3251 506 3334 gignitur
518 3259 633 3333 monte,
649 3252 767 3316 multae
779 3270 934 3337 perennes
950 3271 1052 3333 aquae
1068 3257 1206 3314 manant.

167 3357 337 3420 Pomorum
360 3375 486 3439 quoque
510 3355 589 3420 varii
605 3355 810 3438 salubresque
833 3355 899 3420 suci
920 3361 1001 3434 sunt,
1023 3373 1081 3418 sua
1097 3359 1209 3437 sponte
1230 3367 1262 3416 14

169 3459 368 3524 fortuitorum
391 3460 546 3524 seminum
569 3460 679 3542 fruges
702 3459 797 3524 humo
821 3459 986 3523 nutriente.
1022 3457 1116 3520 Lauri
1139 3458 1210 3521 bac·

168 3563 313 3646 carisque
329 3571 361 3628 et
384 3564 496 3628 100100
512 3564 611 3628 multa
626 3565 659 3627 in
674 3563 735 3628 illis
751 3562 880 3647 rupibus
893 3561 1028 3644 agrestis
1052 3567 1100 3625 est
1119 3561 1208 3626 silua.

168 3666 271 3732 Orcdo
299 3666 446 3750 equidem
479 3689 543 3732 11011
566 3667 673 3732 divino
708 3667 866 3747 instinctu,
902 3664 958 3730 sed
986 3663 1118 3729 lascivia
1141 3683 1210 3729 esse
1230 3677 1262 3728 15

169 3779 348 3856 provectos,
363 3778 397 3836 ut
412 3773 532 3857 p‘assim
554 3771 692 3838 hederae
717 3792 755 3836 ac
773 3769 884 3836 vitium
907 3769 984 3834 folia
1007 3768 1212 3853 decerperent
