2976 4322
355 216 606 272 HISTORIARUM
623 216 839 270 ALEXANDRI
857 218 908 272 VII
929 222 968 272 10.
990 223 1030 272 11.
1152 221 1213 286 199

170 424 285 489 montis
314 421 431 489 flumen
462 423 616 488 emittunt.
663 423 740 505 Rex,
760 425 821 490 loci
842 424 1028 491 difficultate
1056 432 1247 510 spectata,4

170 534 325 592 statuerat
339 526 413 592 inde
429 527 526 608 abire,
540 527 655 613 cupido
672 526 787 594 deinde
802 528 932 594 incessit
947 529 1052 594 animo
1068 537 1213 595 naturam

171 651 296 715 quoque
333 630 501 715 fatigandi.
558 631 650 697 Prius
687 639 794 697 tamen
832 646 928 715 quam
964 632 1123 698 fortumam
1160 635 1247 701 ob-5

169 735 302 801 sidionis
325 735 531 820 experiretur,
563 735 695 820 Cophen
719 773 760 784 -
783 735 935 802 Artabazi
957 737 1010 802 hio
1040 737 1213 803 filiuserat

171 877 213 886 -
235 840 320 906 misit
342 840 385 905 ad
407 839 570 921 barbaros,
596 840 648 922 qui
671 840 828 922 suaderet,
856 848 891 905 ut
914 840 1068 907 dederent
1089 862 1209 926 rupem.

174 944 347 1026 Arimazes,
370 945 440 1010 leco
465 943 574 1026 fretus,
598 944 734 1029 superbe
758 945 857 1010 multa
882 945 1055 1030 respondit,
1079 945 1122 1010 ad
1144 947 1213 1011 ulti·

169 1069 265 1130 mum,
304 1069 346 1113 an
379 1048 563 1114 Alexander
597 1049 692 1114 etiam
729 1050 837 1114 volare
871 1057 987 1134 posset,
1026 1050 1209 1133 interrogat.

174 1154 263 1230 Quae
286 1152 431 1217 nuntiata
452 1152 522 1235 regi
545 1152 591 1217 sie
614 1151 790 1217 accendere
813 1153 960 1234 animum,
992 1160 1026 1217 ut
1049 1153 1208 1236 adhibitis,
1229 1176 1245 1227 6

170 1279 242 1322 cum
266 1256 378 1339 quibus
402 1257 581 1321 consultare
605 1263 673 1320 erat
696 1256 815 1337 solitus,
839 1255 994 1322 indicaret
1012 1256 1212 1322 insolentiam

168 1360 306 1442 barbari,
330 1359 486 1425 eludentis
509 1359 605 1445 ipsos,
634 1360 708 1442 quia
738 1360 851 1445 pinnas
881 1381 944 1424 non
974 1359 1145 1426 haberent:
1176 1382 1211 1427 se

166 1473 274 1531 autern
297 1465 442 1550 proxima
464 1471 557 1529 nocte
581 1464 775 1545 effecturum,
800 1471 834 1529 nt
857 1464 1002 1529 crederet
1018 1464 1210 1530 Macedones

168 1569 264 1634 etiam
287 1569 405 1634 volare.
460 1575 564 1648 ‘GGG’‚
595 1568 705 1650 inquit,
733 1567 980 1653 ‘pernicissimos
1010 1569 1142 1634 iuvenes
1169 1590 1243 1658 en7

166 1675 230 1739 suis
254 1672 386 1755 quisque
410 1672 510 1757 copiis
540 1662 704 1756 perducite
735 1671 777 1736 ad
807 1693 867 1753 me,
900 1672 953 1754 qui
976 1693 1034 1756 per
1057 1673 1154 1738 calles
1177 1680 1209 1738 et

167 1797 270 1863 paene
304 1775 406 1841 invias
439 1796 534 1860 rupes
565 1775 651 1840 domi
681 1796 799 1860 pecora
829 1796 927 1859 agere
958 1779 1206 1841 consueverant?

167 1883 218 1946 Illi
240 1887 439 1966 praestantes
462 1887 494 1945 et
516 1880 645 1946 levitate
669 1900 835 1964 corporum
858 1887 891 1944 et
905 1879 1018 1945 ardore
1034 1880 1208 1945 animorum
1226 1901 1243 1954 3

166 1994 293 2051 strenue
316 1983 487 2049 adducunt.
528 1985 614 2062 Quos
637 1985 761 2049 intuens
777 2005 842 2065 ren,
863 1983 1073 2064 ‘Vobiscum',
1098 1984 1206 2067 inquit,

164 2092 196 2155 ‘c
218 2090 350 2155 iuvenes
374 2096 405 2154 et
427 2089 490 2154 mei
513 2089 672 2171 aequales,
704 2088 827 2153 urbium
850 2088 1037 2154 invictarum
1060 2095 1133 2154 ante
1156 2111 1207 2155 me

167 2193 362 2258 munimenta
384 2192 540 2277 superavi,
571 2192 724 2256 montium
746 2193 823 2275 iuga
844 2192 975 2276 perenni
998 2192 1071 2257 nive
1095 2193 1208 2258 obruta

169 2317 316 2363 emensus
353 2317 430 2378 sum,
469 2297 634 2380 angustias
669 2296 798 2361 Ciliciae
832 2297 955 2377 intravi,
994 2294 1105 2362 Indiae
1139 2299 1207 2364 sine

167 2400 352 2468 lassitudine
375 2401 439 2465 vim
469 2401 597 2484 frigoris
627 2421 696 2465 sum
726 2420 904 2485 perpessus.
951 2400 991 2464 nt
1021 2401 1083 2465 mei
1114 2400 1207 2466 docu-

167 2513 275 2572 menta
296 2505 388 2571 vobis
411 2505 486 2570 dedi
516 2512 548 2570 et
579 2512 685 2570 vestra
707 2504 821 2570 habco.
868 2506 972 2586 Petra,
1004 2524 1099 2588 quam
1121 2504 1240 2580 vide-9

166 2613 215 2692 tie,
239 2631 336 2675 unum
358 2609 479 2674 aditum
504 2608 611 2690 habet,
635 2630 729 2692 quem
751 2609 878 2674 barbari
901 2608 1056 2674 obsident.
1092 2609 1206 2674 Uetera

165 2716 358 2799 neglegunt:
380 2715 486 2779 nullae
508 2715 637 2797 vigiliae
668 2721 740 2778 sunt
769 2714 829 2778 nisi
860 2734 941 2796 quae
972 2720 1076 2778 eastra
1098 2721 1206 2778 nostra

166 2827 320 2906 spectant.
374 2819 546 2884 Invenietis
580 2819 673 2901 viam,
708 2819 735 2884 si
769 2820 913 2884 sollerter
945 2818 1049 2883 rimati
1083 2818 1204 2883 fueritis
1225 2841 1257 2890 10

165 2924 270 2990 aditus
303 2923 442 2989 ferentes
476 2923 519 2988 ad
553 2944 714 2988 cacumen.
772 2923 859 2987 Nihil
891 2931 957 2987 tam
995 2924 1058 2987 alte
1092 2930 1204 2987 natura

166 3029 335 3109 constituit,
359 3048 421 3110 quo
436 3028 535 3093 virtus
558 3049 621 3093 non
644 3028 743 3112 possit
766 3027 851 3092 eniti.
886 3024 1096 3111 Experiend0,
1122 3047 1203 3108 quae

166 3132 263 3198 ceteri
286 3131 543 3216 desperaverunt,
568 3132 678 3197 Asiam
701 3132 854 3196 habemus
870 3131 902 3195 in
919 3137 1084 3215 potestate.
1123 3130 1253 3202 Eva-11

166 3237 231 3302 dite
264 3237 297 3302 in
331 3257 500 3302 cacumen:
535 3236 620 3320 quod
655 3258 726 3301 cum
757 3236 913 3320 ceperitis,
949 3233 1093 3299 candidis
1124 3235 1203 3300 velis

165 3343 291 3426 signum
313 3340 391 3406 mihi
414 3341 539 3423 dabitis,
572 3363 633 3425 ego
657 3341 757 3427 copiis
780 3339 916 3405 admotis
943 3338 1067 3404 hostem
1089 3339 1122 3402 in
1145 3359 1203 3404 nos

165 3469 185 3511 a
207 3447 297 3511 vobis
320 3454 512 3511 convertam.
551 3446 731 3511 Praemium
754 3445 813 3510 erit
836 3445 874 3526 ei,
899 3445 951 3526 qui
974 3444 1092 3529 primus
1112 3464 1202 3509 occu·
1223 3462 1254 3512 12

164 3551 287 3636 paverit
320 3550 480 3632 verticem,
515 3552 636 3615 talenta
665 3561 698 3631 X,
737 3571 799 3615 uno
833 3551 935 3614 minus
969 3548 1113 3633 accipiet,
1149 3550 1201 3631 qui

164 3656 325 3741 proximus
349 3656 378 3720 ei
400 3655 531 3736 venerit,
556 3654 731 3737 eademque
754 3653 796 3718 ad
812 3653 923 3718 decem
938 3653 1082 3718 homines
1098 3673 1202 3718 serva·

164 3761 247 3825 bitur
268 3760 381 3844 portio.
420 3758 548 3824 Certum
570 3765 676 3822 autem
698 3757 802 3822 habeo
825 3777 882 3822 vos
904 3777 968 3821 non
986 3763 1052 3820 tam
1067 3756 1201 3822 liberali-

163 3872 261 3930 tatem
283 3863 397 3929 intueri
419 3885 523 3928 meam
546 3883 641 3944 quam
663 3863 874 3927 voluntatem.³
