2970 4322
293 221 357 287 266
680 223 711 291 Q.
731 222 840 278 CURTI
857 223 944 278 RUFI

287 427 399 493 ‘Vobis
430 427 579 511 quidem',
609 427 721 511 inquit,
749 429 781 493 ‘o
808 426 953 494 fidissimi
982 427 1181 515 piissimique
1211 427 1336 493 civium

291 539 387 615 atque
417 531 599 613 amicorum,
635 539 742 616 grates
772 552 834 616 ago
864 531 1032 615 habeoque
1062 552 1125 597 non
1159 531 1263 597 solum
1295 552 1334 597 eo

290 635 426 717 nomine,
450 636 536 719 quod
558 635 654 702 hodie
677 637 813 702 salutem
836 657 939 702 meam
967 642 1092 701 vestrae
1123 635 1332 720 praeponitis,

290 739 347 807 sed
362 740 447 823 quod
462 762 483 805 a
497 740 677 825 primordiis
692 741 770 806 belli
787 740 910 805 nullum
926 759 1003 823 erga
1018 759 1069 804 me
1091 737 1339 830 benivolentiae

289 841 405 930 pignus
436 851 531 927 atque
562 845 714 910 iudicium
744 843 905 926 omisistis,
938 842 1019 909 adeo
1049 849 1085 907 ut
1115 841 1333 908 confitendum

288 949 329 1015 sit
352 969 523 1033 numquam
546 948 624 1014 mihi
646 950 745 1015 vitam
767 970 870 1015 meam
893 948 992 1014 fuisse
1014 954 1081 1013 tam
1103 967 1210 1013 caram
1233 967 1333 1030 quam

238 1065 270 1116 18
287 1073 358 1120 esse
389 1054 503 1139 coepit,
538 1061 572 1119 ut
602 1054 693 1119 vobis
724 1053 779 1118 diu
810 1051 878 1117 frui
906 1053 1035 1137 possim.
1089 1051 1238 1117 Ceterum
1266 1072 1332 1116 uon

288 1157 402 1224 eadem
424 1165 474 1223 est
497 1157 650 1242 cogitatio
673 1177 792 1238 eorum,
820 1157 874 1240 qui
896 1176 953 1242 pro
976 1176 1026 1220 me
1049 1155 1128 1220 mori
1151 1161 1273 1240 optant,
1297 1161 1331 1221 et

287 1283 368 1343 mea,
399 1261 454 1344 qui
477 1261 562 1326 hano
585 1260 833 1326 benivolentiam
859 1267 998 1327 vestram
1027 1259 1143 1324 virtute
1173 1259 1330 1325 meruisse

217 1369 221 1378 '
286 1386 337 1431 me
359 1363 475 1430 iudico.
523 1363 587 1429 Vos
611 1364 694 1430 enim
718 1363 903 1430 diuturnum
925 1364 1061 1429 fructum
1083 1383 1124 1428 ex
1146 1383 1207 1443 me,
1238 1363 1329 1429 forsi-

196 1527 203 1538 .
285 1475 340 1535 tan
356 1469 452 1534 etiam
474 1475 665 1553 perpetuum
689 1469 853 1553 percipere
877 1467 1029 1552 cupiatis:
1054 1487 1115 1551 ego
1138 1487 1190 1531 me
1212 1468 1329 1533 metior

235 1586 266 1637 12
284 1593 348 1638 non
370 1573 485 1638 aetatis
508 1571 620 1658 spatio,
647 1572 705 1637 sed
728 1572 860 1656 gloriae.
907 1570 1010 1636 Licuit
1040 1571 1181 1656 paternis
1212 1571 1327 1656 opibus

285 1683 434 1743 contento
457 1677 539 1740 iutra
562 1674 768 1742 Macedoniae
790 1674 941 1742 terminos
967 1693 1026 1760 per
1056 1675 1156 1739 otium
1185 1677 1326 1760 corporis

285 1787 456 1866 expectare
478 1780 645 1846 obscuram
661 1787 692 1844 et
707 1779 881 1863 ignobilem
905 1785 1115 1844 senectutem:
1133 1798 1326 1862 quamquam

283 1905 323 1950 ns
346 1884 429 1969 pigri
453 1883 582 1966 quidem
605 1882 666 1948 sibi
689 1883 756 1948 fata
779 1883 960 1968 disponunt,
974 1881 1032 1948 sed
1054 1882 1181 1947 unicum
1206 1882 1326 1948 bonum

283 1989 466 2054 diuturnam
488 1988 587 2053 vitam
610 1987 829 2053 existimantes
853 2005 950 2071 saepe
973 1985 1091 2052 acerba
1120 2006 1204 2051 mors
1235 2006 1325 2052 occu-

282 2100 347 2178 pat.
395 2092 515 2158 Verum
545 2111 616 2176 ego,
647 2092 701 2175 qui
732 2113 796 2158 non
825 2111 925 2157 annos
955 2110 1053 2172 meos,
1085 2089 1143 2155 sed
1173 2090 1324 2157 victorias

282 2217 421 2278 numero,
456 2196 483 2262 si
517 2215 649 2261 munera
679 2195 825 2260 fortunae
859 2196 942 2261 bene
964 2201 1122 2279 computo,
1157 2193 1213 2258 diu
1246 2195 1323 2261 vixi.

231 2300 381 2366 20012112
405 2325 424 2366 a
446 2300 637 2367 Macedonia
658 2299 825 2384 imperium
848 2299 1002 2366 Graeciae
1024 2305 1128 2380 teneo,
1151 2298 1323 2364 Thraciam

281 2411 313 2469 et
336 2405 463 2488 Illyrios
486 2403 608 2487 subegi,
632 2403 783 2468 Triballis
807 2403 994 2486 Maedisque
1020 2403 1175 2488 imperito,
1200 2403 1322 2486 Asiam,

281 2527 344 2589 qua
374 2507 593 2592 Hellesponto,
628 2527 692 2590 qua
721 2508 816 2573 rubro
845 2508 926 2572 mari
960 2507 1126 2590 subluitur,
1160 2509 1321 2592 possideo.

281 2612 416 2694 Iamque
439 2611 527 2676 haud
550 2612 660 2696 procul
682 2612 795 2676 absum
819 2611 881 2678 fine
904 2612 1023 2696 mundi,
1051 2633 1145 2696 quem
1176 2632 1323 2696 egressus

228 2727 259 2777 21
281 2715 377 2781 aliam
399 2723 555 2797 naturam,
586 2715 685 2780 alium
715 2717 825 2781 orbem
854 2718 979 2802 aperire
1008 2717 1088 2782 mihi
1118 2716 1224 2783 statui.
1272 2719 1322 2782 Ex

280 2821 358 2885 Asia
374 2821 406 2884 in
422 2822 568 2904 Europae
586 2821 737 2886 terminos
759 2829 919 2887 momento
941 2822 1034 2888 unius
1056 2822 1154 2887 horae
1176 2822 1319 2888 transivi.

280 2925 388 2990 Victor
410 2924 575 3007 utriusque
601 2925 742 3008 regionis
773 2934 845 3010 post
874 2946 991 2991 nouum
1021 2925 1113 3010 regni
1143 2925 1215 3006 mei,
1247 2935 1322 3011 post

278 3029 464 3095 vicesimum
479 3036 576 3111 atque
592 3035 739 3094 octavum
762 3031 879 3094 aetatis
902 3051 1027 3112 annum,
1051 3031 1203 3096 videorne
1225 3030 1320 3096 vobis

279 3134 311 3197 111
334 3131 511 3198 excolenda
533 3133 646 3216 gloria,
670 3133 721 3198 cui
744 3155 794 3198 me
818 3133 873 3198 uui
896 3134 1020 3216 devovi,
1047 3154 1143 3219 posse
1165 3135 1320 3199 cessare?
1470 3211 1471 3242 1

277 3239 348 3320 Ego
370 3257 445 3303 vero
468 3257 532 3303 non
555 3236 651 3303 deero
674 3245 715 3318 et,
740 3236 929 3320 ubicumque
952 3240 1112 3323 pugnabo,
1136 3237 1170 3301 iu
1192 3237 1318 3304 theatro
1331 3243 1370 3315 26
1470 3255 1471 3316 i

224 3360 257 3410 22
276 3349 430 3408 terrarum
446 3341 530 3406 orbis
550 3361 620 3407 2222
643 3363 693 3408 me
717 3342 855 3422 credam.
893 3342 986 3408 Dabo
1010 3342 1208 3408 nobilitatem
1230 3342 1320 3425 iguo·

276 3447 392 3512 bilibus
408 3446 496 3527 locis,
513 3445 654 3530 aperiam
669 3446 790 3511 cunctis
806 3446 955 3529 gentibus
971 3453 1082 3528 tenas,
1107 3465 1187 3529 quas
1202 3452 1318 3512 natura

275 3551 370 3633 longe
400 3556 621 3616 summoverat.
666 3550 704 3613 Iu
733 3549 784 3614 his
815 3549 963 3635 operibus
994 3550 1138 3634 extingui
1169 3548 1257 3632 mihi,
1290 3552 1318 3618 si

276 3655 341 3719 fors
364 3655 410 3718 ita
432 3654 521 3736 12121,
545 3655 712 3739 pulchrum
734 3661 798 3720 est:
831 3675 869 3720 ea
892 3655 989 3741 stirpe
1013 3675 1082 3721 sum
1112 3654 1251 3738 genitus,
1283 3665 1318 3722 ut

223 3774 257 3826 23
276 3759 409 3823 multam
430 3759 516 3843 prius
540 3778 635 3841 quam
657 3760 787 3841 longam
809 3759 907 3828 vitam
930 3760 1065 3827 debeam
1087 3767 1207 3844 optare.
1254 3759 1316 3825 Ob-

277 3881 367 3927 secro
400 3881 467 3943 vos,
505 3862 644 3945 cogitate
678 3882 737 3926 uos
770 3863 955 3947 pervenisse
988 3864 1021 3927 111
1055 3871 1164 3944 terras,
1199 3864 1316 3946 quibus
