2970 4322
252 173 316 238 270
640 179 669 246 Q.
689 179 797 233 CURTI
816 180 903 234 RUFI

253 380 395 466 stipitem
417 382 579 448 intentans
602 383 801 470 elisurusque
823 406 861 450 eo
891 386 1019 467 victum,
1050 386 1082 451 ni
1111 386 1291 472 prohibitus

200 495 234 550 23
253 491 340 551 esset
372 506 392 550 a
425 507 511 570 rege.
570 488 683 554 Tristis
717 489 891 574 spectaculi
924 499 1056 556 eventus
1093 510 1156 556 non
1190 492 1292 555 Mace
1381 565 1385 584 ι

253 588 390 656 donibus
412 590 515 671 modo,
546 591 723 658 sedetiam
747 591 931 660 Alexandro
952 593 1022 676 fuit,
1054 585 1192 659 maxime
1218 593 1292 677 quia

252 694 380 759 barbari
403 694 573 760 affuerant:
609 696 728 782 quippe
751 696 942 764 celebratam
965 698 1175 766 Macedonum
1206 697 1290 762 forti·

199 809 234 860 24
251 798 392 864 tudinem
421 798 464 864 ad
493 799 663 866 ludibrium
696 801 848 866 recidisse
882 803 1079 886 querebatur.
1135 802 1220 868 Hinc
1249 801 1291 866 ad

252 903 506 969 criminationem
538 903 719 970 invidorum
751 904 923 989 adapertae
956 912 1029 971 sunt
1063 905 1149 989 regis
1185 924 1289 974 aures.

252 1007 293 1072 Et
315 1014 387 1092 post
410 1027 529 1092 paucos
556 1007 625 1074 dies
654 1008 737 1072 inter
766 1009 880 1094 epulas
910 1029 1042 1075 aureum
1071 1007 1221 1094 poculum
1252 1030 1292 1075 ex

252 1111 429 1196 composito
449 1112 643 1194 subducitur,
668 1112 873 1195 ministrique,
887 1113 978 1196 quasi
1000 1113 1191 1194 amisissent,
1206 1113 1292 1196 quod

201 1225 234 1276 25
252 1223 447 1297 amoverant,
470 1236 578 1300 regem
597 1215 725 1281 adeunt.
765 1217 871 1301 Saepe
893 1217 997 1282 minus
1020 1223 1069 1282 est
1091 1217 1292 1282 constantiae

252 1319 285 1384 in
307 1321 421 1385 rubore
450 1340 545 1402 quam
577 1321 744 1406 inculpa:
775 1321 951 1387 coniectum
974 1321 1144 1403 oculorum,
1176 1322 1293 1404 quibus

253 1431 287 1489 ut
310 1424 361 1490 fur
384 1424 611 1508 destinabatur,
631 1425 812 1508 Dioxippus
834 1425 917 1491 farre
938 1446 1002 1490 nou
1024 1425 1129 1511 potuit
1152 1432 1195 1504 et,
1218 1445 1293 1490 cum

254 1529 444 1594 excessisset
466 1529 622 1608 convivio,
650 1528 763 1594 litteris
786 1529 983 1614 conscriptis,
1016 1549 1097 1612 quac
1126 1529 1195 1612 regi
1225 1529 1295 1595 red-

201 1641 234 1691 26
254 1631 412 1712 darentur,
435 1633 520 1699 ferro
544 1651 579 1698 se
597 1633 764 1699 interemit.
805 1633 951 1699 Graviter
973 1639 1105 1698 mortem
1129 1633 1198 1698 eius
1220 1633 1295 1698 tulit

253 1757 319 1817 rex,
366 1737 551 1802 existimans
588 1737 814 1821 indignationis
851 1755 931 1819 esse,
976 1757 1040 1802 nou
1076 1737 1294 1822 paenitentiae

253 1847 380 1920 testem,
403 1841 514 1924 utique
529 1848 700 1926 postquam
722 1842 803 1906 falso
826 1841 1041 1906 insimulatum
1065 1861 1138 1906 eum
1160 1842 1293 1906 nimium

254 1946 434 2010 invidorum
456 1945 610 2028 gaudium
633 1945 782 2010 ostendit.

697 2139 762 2193 Car.
780 2139 854 2193 VIII.
1465 2142 1466 2224 l

221 2269 233 2317 1
358 2259 508 2324 ludorum
529 2259 628 2342 legati
652 2258 775 2322 dimissi
798 2258 908 2323 domos
934 2257 1046 2343 paucis
1075 2265 1148 2342 post
1178 2257 1292 2322 diebus
1304 2260 1345 2332 30

255 2383 327 2434 cum
350 2363 442 2428 donis
469 2370 679 2429 revertuntur.
725 2373 789 2426 ccc
814 2369 902 2427 erant
932 2363 1066 2445 equites,
1097 2373 1204 2426 Mxxx
1226 2383 1295 2427 cur-

254 2487 317 2547 rus,
349 2486 428 2550 quos
459 2467 641 2550 quadriiugi
671 2467 744 2549 equi
774 2466 942 2547 ducebant,
977 2467 1081 2533 lineae
1110 2468 1210 2532 vestis
1240 2468 1294 2532 ali-

255 2577 420 2654 quantum,
452 2572 538 2636 mille
562 2577 653 2637 scuta
674 2570 788 2636 Indica
811 2578 843 2636 et
866 2570 940 2637 ferri
970 2570 1098 2636 candidi
1127 2571 1249 2636 talenta
1275 2582 1295 2635 0

220 2682 236 2733 2
255 2675 430 2757 leonesque
446 2695 536 2740 rarae
554 2675 783 2758 magnitudinis
806 2682 838 2739 ct
852 2675 960 2758 tigres,
985 2682 1155 2758 utrumque
1177 2675 1295 2739 animal

256 2778 299 2842 ad
320 2778 594 2844 mansuetudinem
617 2779 779 2859 domitum,
811 2779 1001 2843 lacertarum
1030 2797 1157 2861 quoque
1187 2778 1295 2861 iugen-

221 2883 334 2947 3tium
355 2881 456 2967 pelles
486 2889 518 2949 et
548 2883 644 2948 dorsa
673 2882 878 2948 testudinum.
931 2882 1062 2947 Cratero
1092 2880 1208 2947 deinde
1238 2881 1295 2946 im·

255 2993 345 3072 perat
367 3007 432 3068 rex,
457 2985 545 3051 haud
567 2987 679 3071 procul
702 3007 805 3066 amne,
828 3007 886 3071 per
908 3006 1003 3068 quem
1026 2991 1094 3050 erat
1115 2985 1186 3070 ipse
1208 2986 1297 3051 navi-

255 3096 398 3174 gaturus,
428 3089 537 3174 copias
561 3091 707 3156 duceret:
738 3109 793 3156 eos
816 3097 932 3169 autem,
963 3089 1016 3172 qni
1048 3089 1192 3154 comitari
1222 3111 1295 3155 eum

255 3195 409 3275 solebant,
433 3193 567 3278 imponit
579 3194 611 3258 iu
634 3213 734 3260 naves
757 3201 789 3260 et
812 3195 846 3259 in
868 3194 946 3259 fines
962 3194 1132 3258 Mallorum
1154 3195 1296 3260 secundo

255 3319 350 3364 amne
374 3296 549 3364 devehitur.

220 3414 237 3462 4
358 3401 438 3468 Inde
457 3401 615 3468 Sabarcas
638 3401 727 3484 adiit,
752 3401 893 3467 validam
915 3400 1028 3466 Indiae
1050 3407 1189 3485 gentem,
1213 3422 1297 3485 quac

254 3505 375 3590 populi,
398 3526 462 3572 nou
477 3525 590 3588 regum
606 3506 738 3589 imperio
754 3506 932 3590 regebatur.
971 3515 1018 3569 LX
1041 3505 1130 3570 milia
1152 3505 1297 3589 peditum

255 3610 427 3690 habebant,
450 3610 593 3692 equitum
608 3629 665 3674 sax
681 3609 784 3674 milia:
808 3611 868 3675 has
888 3609 994 3694 copias
1014 3629 1123 3675 currus
1144 3620 1169 3672 Ι)
1188 3631 1296 3694 seque·

220 3714 378 3779 ubantur.
431 3724 471 3776 ΙΙΙ
498 3712 596 3778 duces
627 3719 788 3797 spectatos
821 3714 939 3779 virtute
970 3713 1088 3779 bellica
1121 3714 1296 3798 elegerant.

256 3817 298 3880 At
328 3817 383 3898 qui
412 3817 444 3882 in
475 3815 561 3898 agris
592 3822 689 3895 erant,
713 3815 848 3899 proximi
880 3814 1001 3880 flumini
1037 3851 1077 3862 —
1112 3816 1298 3899 frequentes
