3040 4318
416 251 669 306 HISTORIARUM
686 251 902 306 ALEXANDRI
919 251 958 304 IV
979 255 1018 306 10.
1197 251 1240 316 65

198 460 304 544 ipsum
327 455 527 541 miserabilis,
560 459 645 542 quod
667 458 810 523 nondum
837 458 995 524 sentiebat
1018 457 1239 537 calamitatem,

200 584 241 629 ex
274 563 416 627 maxima
449 570 540 648 parte
575 562 618 628 ad
655 562 759 648 ipsum
781 561 1022 626 redundantem.
1076 559 1242 640 Crederes,
1261 571 1294 622 23

200 667 420 733 Alexandrum
450 671 536 732 inter
565 687 639 734 suas
670 666 924 732 necessitudines
954 664 1032 730 flere
1062 673 1094 730 11
1123 664 1244 730 solacia

200 793 263 838 non
278 770 442 853 adbibere,
468 771 527 836 sed
543 791 704 855 quaerere.
741 769 819 835 (libo
836 777 922 834 certe
938 769 1090 835 abstinuit
1105 789 1244 834 omnem-

201 896 264 959 que
287 874 439 966 honorem
474 875 588 956 funeri,
623 873 725 959 patrio
759 874 930 939 Persarum
960 893 1059 954 more,
1094 873 1242 954 servavit,

201 980 327 1062 dignus,
361 979 503 1060 hercule,
540 979 595 1062 qui
625 997 709 1042 nunc
740 997 866 1060 quoque
895 984 1003 1042 tantae
1037 984 1069 1042 et
1102 997 1246 1042 mansue-

201 1082 320 1148 tudinis
356 1089 389 1147 et
423 1082 636 1148 continentiae
670 1081 752 1146 ferat
785 1080 932 1146 fructum.
979 1080 1085 1146 Semel
1119 1079 1245 1144 omnino
1264 1091 1298 1144 24

202 1209 273 1252 eam
288 1186 415 1252 viderat
431 1225 473 1232 —
497 1207 560 1269 quo
585 1186 638 1252 die
661 1193 754 1272 capta
777 1193 826 1252 est
849 1223 890 1232 -
913 1205 972 1250 nec
994 1193 1029 1250 ut
1050 1184 1162 1270 ipsam,
1188 1183 1246 1249 sed

202 1299 237 1356 ut
260 1291 360 1356 Darei
391 1299 525 1356 matrem
557 1290 688 1370 videret,
723 1299 853 1354 venerut
876 1289 1088 1372 eximiamque
1111 1285 1249 1373 pulchri-

202 1395 344 1461 tudinem
375 1396 497 1460 formae
527 1395 596 1461 eius
620 1417 683 1460 non
713 1395 855 1460 libidinis
878 1393 1035 1460 habuerat
1060 1393 1247 1460 invitamen-

210 1506 287 1581 tum,
312 1499 368 1564 aed
391 1499 520 1584 gloriae.

154 1601 202 1672 42
316 1603 343 1668 E
366 1603 568 1688 spadonibus,
601 1602 655 1685 qui
683 1602 766 1667 circa
795 1601 940 1686 reginam
968 1608 1065 1682 erant,
1089 1601 1247 1685 Tyriotes,
1266 1613 1299 1662 25

204 1707 287 1772 inter
309 1705 555 1791 trepidationem
577 1706 756 1790 lugentium
783 1707 912 1791 elapsus
936 1725 994 1789 pcr
1018 1726 1090 1770 eam
1113 1711 1246 1789 portam,

206 1830 297 1892 quae,
329 1810 404 1892 quia
425 1811 466 1874 ab
490 1809 581 1874 hoste
611 1830 725 1874 aversa
756 1817 835 1890 erat,
867 1809 970 1874 levius
997 1809 1246 1889 custodiebatur,

206 1913 248 1978 ad
281 1913 381 1977 Darei
414 1919 518 1978 castra
552 1913 698 1998 pervenit
732 1921 949 1998 exceptusque
979 1933 1000 1976 a
1028 1912 1180 1995 vigilibus
1214 1911 1247 1976 in

209 2016 447 2081 tabernaculum
481 2016 568 2099 regis
599 2015 790 2101 perducitur,
826 2036 958 2100 gemens
990 2023 1021 2081 et
1051 2023 1139 2081 veste
1169 2015 1251 2080 lace-

210 2128 288 2184 rata.
346 2117 448 2195 Quem
481 2127 516 2184 ut
554 2120 720 2204 conspexit
754 2121 888 2200 Dareus,
926 2119 1094 2239 multiplici
1132 2119 1250 2184 doloris
1269 2132 1302 2182 26

211 2223 433 2309 expectatione
471 2231 647 2289 commotus
682 2231 722 2304 11,
762 2224 839 2307 quid
877 2224 1079 2308 potissimum
1115 2224 1249 2304 timeret,

211 2329 361 2409 incertus,
396 2327 487 2392 Vult
474 2330 551 2408 tus',
590 2328 701 2410 inquit,
736 2330 822 2392 tuus
866 2328 974 2392 nescio
1019 2328 1147 2410 quod'
1138 2348 1251 2412 mgens

212 2431 332 2496 malum
354 2431 504 2515 praefert,
537 2431 594 2497 sed
625 2451 702 2504 caue
733 2431 841 2496 miseri
870 2427 1007 2496 hominis
1030 2431 1160 2496 auribus
1184 2452 1253 2516 par-

213 2555 283 2601 cas:
317 2534 416 2599 didici
439 2555 510 2600 esse
541 2534 662 2616 infelix,
695 2542 727 2624 11
757 2555 854 2619 saepe
886 2534 1073 2599 calamitatis
1100 2535 1253 2600 solacium

213 2646 262 2704 est
277 2658 372 2703 nosse
396 2646 513 2704 sortem
537 2659 636 2704 suam.
674 2638 759 2704 Num
777 2677 818 2686 -
835 2638 921 2722 quod
935 2637 1074 2704 maxime
1098 2639 1251 2724 suspicor,
1272 2653 1305 2702 21

214 2743 320 2825 eloqui
342 2743 440 2808 timeo
467 2742 668 2808 —ludibria
698 2764 842 2808 meorum
871 2743 1071 2808 nuntiaturus
1102 2763 1145 2824 es,
1176 2743 1254 2808 milri

215 2855 254 2927 11,
290 2854 326 2911 11
360 2846 464 2927 oredo,
500 2847 578 2931 ipsis
612 2867 738 2930 quoque
771 2847 857 2912 omni
887 2846 1025 2912 tristiora
1056 2847 1212 2931 supplicio
1221 2845 1251 2929 2³

214 2951 267 3014 Ad
289 2951 370 3016 haec
392 2951 550 3035 Tyriotes
577 2951 681 3018 ‘Istud
705 2951 832 3035 quidem
855 2952 966 3037 procul
989 2953 1105 3032 abest’,
1136 2951 1253 3034 inquit:
1274 2963 1308 3014 28

211 3057 498 3138 ‘quantuscumque
522 3055 606 3121 enim
629 3056 748 3140 reginis
780 3056 879 3120 honos
902 3056 943 3122 ab
966 3055 1026 3136 his,
1058 3056 1111 3138 qui
1135 3063 1254 3140 parent,

216 3158 407 3224 haberit
351 3167 407 3243 pot
409 3167 466 3240 111,
490 3160 553 3224 tuis
577 3181 596 3224 a
619 3160 740 3226 victore
764 3169 869 3226 serva
870 3181 908 3226 us
932 3169 989 3242 est,
968 3159 1080 3226 sted
1101 3181 1183 3226 uxor
1203 3168 1257 3225 tua

216 3261 312 3346 paulo
342 3270 417 3328 ante
448 3263 585 3328 excessit
616 3287 633 3330 e
663 3264 738 3329 vita
738 3265 883 3330 Tunc
913 3286 990 3330 vero
1022 3287 1085 3329 non
1120 3264 1257 3348 gemitus
1276 3278 1309 3328 29

217 3367 322 3448 modo,
363 3367 490 3433 sedt
459 3369 555 3434 etiam
594 3369 691 3434 einlat
678 3377 776 3434 11111
778 3368 838 3434 otis
873 3377 939 3434 cast
940 3370 984 3435 ris
1018 3370 1256 3436 exaudiebatur.

217 3470 287 3534 Nec
318 3470 476 3536 dubitavit
505 3472 639 3554 Dareus,
676 3472 751 3555 quin
780 3473 826 3538 int
814 3473 947 3538 terfecta
978 3480 1070 3554 esset,
1103 3474 1177 3555 quia
1207 3495 1258 3539 ne·

220 3573 342 3655 quisset
365 3575 589 3640 contumeliam
608 3576 741 3660 perpeti,
756 3577 989 3659 exclamatque,
1006 3597 1116 3642 amens
1133 3576 1257 3642 dolore:

216 3676 327 3752 ‘Quod
357 3698 418 3760 ego
448 3685 571 3743 tantum
601 3679 691 3744 nefas
723 3680 874 3760 commisi,
910 3679 1118 3746 Alexander?
1165 3700 1259 3762 quem

220 3788 346 3846 tuorum
373 3782 621 3867 propinquorum
651 3784 772 3866 necavi,
804 3792 839 3850 ut
868 3785 951 3849 hanc
980 3784 1084 3850 vicem
1113 3786 1261 3850 redderes

223 3883 378 3951 saevitiae
407 3884 524 3952 meae?
569 3885 673 3952 Odisti
702 3909 762 3970 me,
793 3907 856 3952 non
887 3887 1016 3970 quidem
1050 3895 1257 3972 provocatus:

274 4019 371 4063 Curtius
386 4019 461 4064 11111111
475 4031 523 4065 von
539 4021 662 4078 Stangl.
1139 4012 1154 4060 ὅ
