<?xml version="1.0" encoding="UTF-8"?>
<!DOCTYPE html PUBLIC "-//W3C//DTD XHTML 1.0 Transitional//EN"
    "http://www.w3.org/TR/xhtml1/DTD/xhtml1-transitional.dtd">
<html xmlns="http://www.w3.org/1999/xhtml" xml:lang="en" lang="en">
 <head>
  <title>
</title>
<meta http-equiv="Content-Type" content="text/html;charset=utf-8" />
  <meta name='ocr-system' content='tesseract 3.04.00' />
  <meta name='ocr-capabilities' content='ocr_page ocr_carea ocr_par ocr_line ocrx_word'/>
</head>
<body>
  <div class='ocr_page' id='page_1' title='image "./qcurtirufihisto00stangoog_0074.png"; bbox 0 0 3028 4322; ppageno 0'>
   <div class='ocr_carea' id='block_1_1' title="bbox 405 195 1237 260">
    <p class='ocr_par' dir='ltr' id='par_1_1' title="bbox 405 195 1237 260">
     <span class='ocr_line' id='line_1_1' title="bbox 405 195 1237 260; baseline -0.001 -11"><span class='ocrx_word' id='word_1_1' title='bbox 405 195 656 252; x_wconf 81' lang='lat' dir='ltr'><strong>HISTORIARUM</strong></span> <span class='ocrx_word' id='word_1_2' title='bbox 674 196 889 250; x_wconf 84' lang='lat' dir='ltr'><strong>ALEXANDRI</strong></span> <span class='ocrx_word' id='word_1_3' title='bbox 907 196 944 250; x_wconf 89' lang='lat' dir='ltr'>IV</span> <span class='ocrx_word' id='word_1_4' title='bbox 963 199 987 248; x_wconf 85' lang='lat'>2.</span> <span class='ocrx_word' id='word_1_5' title='bbox 1005 199 1030 249; x_wconf 83' lang='lat'>3.</span> <span class='ocrx_word' id='word_1_6' title='bbox 1197 197 1237 260; x_wconf 86' lang='lat'>41</span> 
     </span>
    </p>
   </div>
   <div class='ocr_carea' id='block_1_2' title="bbox 149 403 1317 3519">
    <p class='ocr_par' dir='ltr' id='par_1_2' title="bbox 149 403 1317 3519">
     <span class='ocr_line' id='line_1_2' title="bbox 202 403 1240 489; baseline 0.002 -22"><span class='ocrx_word' id='word_1_7' title='bbox 202 409 357 488; x_wconf 91' lang='lat' dir='ltr'>concepto</span> <span class='ocrx_word' id='word_1_8' title='bbox 380 403 476 470; x_wconf 90' lang='lat' dir='ltr'>latius</span> <span class='ocrx_word' id='word_1_9' title='bbox 499 403 634 470; x_wconf 85' lang='lat' dir='ltr'>fundere</span> <span class='ocrx_word' id='word_1_10' title='bbox 657 403 839 470; x_wconf 78' lang='lat' dir='ltr'>incendium</span> <span class='ocrx_word' id='word_1_11' title='bbox 862 404 977 488; x_wconf 89' lang='lat' dir='ltr'>coepit,</span> <span class='ocrx_word' id='word_1_12' title='bbox 1010 403 1106 487; x_wconf 94' lang='lat' dir='ltr'>quod,</span> <span class='ocrx_word' id='word_1_13' title='bbox 1140 404 1240 489; x_wconf 90' lang='lat' dir='ltr'>prius-</span> 
     </span>
     <span class='ocr_line' id='line_1_3' title="bbox 201 509 1240 594; baseline 0.002 -22"><span class='ocrx_word' id='word_1_14' title='bbox 201 528 296 590; x_wconf 92' lang='lat' dir='ltr'>quam</span> <span class='ocrx_word' id='word_1_15' title='bbox 318 514 427 592; x_wconf 89' lang='lat' dir='ltr'>posset</span> <span class='ocrx_word' id='word_1_16' title='bbox 450 509 581 590; x_wconf 88' lang='lat' dir='ltr'>occurri,</span> <span class='ocrx_word' id='word_1_17' title='bbox 614 515 716 574; x_wconf 91' lang='lat' dir='ltr'>turres</span> <span class='ocrx_word' id='word_1_18' title='bbox 747 515 778 574; x_wconf 91' lang='lat' dir='ltr'>et</span> <span class='ocrx_word' id='word_1_19' title='bbox 809 515 914 574; x_wconf 86' lang='lat' dir='ltr'>cetera</span> <span class='ocrx_word' id='word_1_20' title='bbox 945 529 1043 593; x_wconf 88' lang='lat' dir='ltr'>opera</span> <span class='ocrx_word' id='word_1_21' title='bbox 1072 509 1105 574; x_wconf 93' lang='lat' dir='ltr'>in</span> <span class='ocrx_word' id='word_1_22' title='bbox 1136 510 1240 594; x_wconf 88' lang='lat' dir='ltr'>capite</span> 
     </span>
     <span class='ocr_line' id='line_1_4' title="bbox 200 612 1274 698; baseline -0.002 -23"><span class='ocrx_word' id='word_1_23' title='bbox 200 612 293 676; x_wconf 90' lang='lat' dir='ltr'>molis</span> <span class='ocrx_word' id='word_1_24' title='bbox 316 613 421 697; x_wconf 90' lang='lat' dir='ltr'>posita</span> <span class='ocrx_word' id='word_1_25' title='bbox 444 613 692 698; x_wconf 87' lang='lat' dir='ltr'>comprehendit.</span> <span class='ocrx_word' id='word_1_26' title='bbox 728 612 771 676; x_wconf 86' lang='lat' dir='ltr'>At</span> <span class='ocrx_word' id='word_1_27' title='bbox 794 613 849 695; x_wconf 92' lang='lat' dir='ltr'>qui</span> <span class='ocrx_word' id='word_1_28' title='bbox 872 612 1068 678; x_wconf 82' lang='lat' dir='ltr'><strong>desiluerant</strong></span> <span class='ocrx_word' id='word_1_29' title='bbox 1090 612 1123 677; x_wconf 90' lang='lat' dir='ltr'>in</span> <span class='ocrx_word' id='word_1_30' title='bbox 1139 624 1274 698; x_wconf 69' lang='lat' dir='ltr'>parvas</span> 
     </span>
     <span class='ocr_line' id='line_1_5' title="bbox 200 715 1240 802; baseline 0.001 -22"><span class='ocrx_word' id='word_1_31' title='bbox 200 715 339 800; x_wconf 86' lang='lat' dir='ltr'>navigia,</span> <span class='ocrx_word' id='word_1_32' title='bbox 374 717 462 782; x_wconf 88' lang='lat' dir='ltr'>faces</span> <span class='ocrx_word' id='word_1_33' title='bbox 492 723 538 798; x_wconf 91' lang='lat' dir='ltr'>et,</span> <span class='ocrx_word' id='word_1_34' title='bbox 577 716 729 798; x_wconf 89' lang='lat' dir='ltr'>quiequid</span> <span class='ocrx_word' id='word_1_35' title='bbox 763 715 878 782; x_wconf 93' lang='lat' dir='ltr'>alendo</span> <span class='ocrx_word' id='word_1_36' title='bbox 916 716 984 798; x_wconf 87' lang='lat' dir='ltr'>igni</span> <span class='ocrx_word' id='word_1_37' title='bbox 1018 722 1127 802; x_wconf 87' lang='lat' dir='ltr'>aptum</span> <span class='ocrx_word' id='word_1_38' title='bbox 1162 723 1240 796; x_wconf 86' lang='lat' dir='ltr'>erat,</span> 
     </span>
     <span class='ocr_line' id='line_1_6' title="bbox 199 821 1240 908; baseline 0.002 -22"><span class='ocrx_word' id='word_1_39' title='bbox 199 824 232 887; x_wconf 94' lang='lat' dir='ltr'>in</span> <span class='ocrx_word' id='word_1_40' title='bbox 266 822 379 888; x_wconf 91' lang='lat' dir='ltr'>eadem</span> <span class='ocrx_word' id='word_1_41' title='bbox 417 844 515 908; x_wconf 90' lang='lat' dir='ltr'>opera</span> <span class='ocrx_word' id='word_1_42' title='bbox 552 824 713 906; x_wconf 79' lang='lat' dir='ltr'>ingerunt.</span> <span class='ocrx_word' id='word_1_43' title='bbox 758 824 892 906; x_wconf 90' lang='lat' dir='ltr'>Iamque</span> <span class='ocrx_word' id='word_1_44' title='bbox 926 843 989 887; x_wconf 94' lang='lat' dir='ltr'>non</span> <span class='ocrx_word' id='word_1_45' title='bbox 1023 824 1110 886; x_wconf 80' lang='lat' dir='ltr'>imae</span> <span class='ocrx_word' id='word_1_46' title='bbox 1145 821 1240 888; x_wconf 90' lang='lat' dir='ltr'>modo</span> 
     </span>
     <span class='ocr_line' id='line_1_7' title="bbox 198 927 1240 1009; baseline -0.001 -17"><span class='ocrx_word' id='word_1_47' title='bbox 198 927 411 992; x_wconf 82' lang='lat' dir='ltr'>Macedonum</span> <span class='ocrx_word' id='word_1_48' title='bbox 443 935 562 1009; x_wconf 88' lang='lat' dir='ltr'>turres,</span> <span class='ocrx_word' id='word_1_49' title='bbox 602 928 659 992; x_wconf 90' lang='lat' dir='ltr'>sed</span> <span class='ocrx_word' id='word_1_50' title='bbox 697 927 793 992; x_wconf 88' lang='lat' dir='ltr'>etiam</span> <span class='ocrx_word' id='word_1_51' title='bbox 831 947 956 992; x_wconf 87' lang='lat' dir='ltr'>summa</span> <span class='ocrx_word' id='word_1_52' title='bbox 988 927 1131 993; x_wconf 88' lang='lat' dir='ltr'>tabulata</span> <span class='ocrx_word' id='word_1_53' title='bbox 1168 947 1240 992; x_wconf 92' lang='lat' dir='ltr'>con·</span> 
     </span>
     <span class='ocr_line' id='line_1_8' title="bbox 199 1031 1239 1116; baseline -0.002 -19"><span class='ocrx_word' id='word_1_54' title='bbox 199 1039 349 1116; x_wconf 87' lang='lat' dir='ltr'>ceperant</span> <span class='ocrx_word' id='word_1_55' title='bbox 372 1031 491 1115; x_wconf 91' lang='lat' dir='ltr'>ignem,</span> <span class='ocrx_word' id='word_1_56' title='bbox 523 1053 596 1096; x_wconf 90' lang='lat' dir='ltr'>cum</span> <span class='ocrx_word' id='word_1_57' title='bbox 618 1031 649 1113; x_wconf 91' lang='lat' dir='ltr'>ii,</span> <span class='ocrx_word' id='word_1_58' title='bbox 684 1032 738 1114; x_wconf 92' lang='lat' dir='ltr'>qui</span> <span class='ocrx_word' id='word_1_59' title='bbox 769 1031 802 1096; x_wconf 92' lang='lat' dir='ltr'>in</span> <span class='ocrx_word' id='word_1_60' title='bbox 827 1031 963 1096; x_wconf 91' lang='lat' dir='ltr'>turribus</span> <span class='ocrx_word' id='word_1_61' title='bbox 994 1037 1092 1113; x_wconf 90' lang='lat' dir='ltr'>erant,</span> <span class='ocrx_word' id='word_1_62' title='bbox 1123 1031 1239 1116; x_wconf 91' lang='lat' dir='ltr'>partim</span> 
     </span>
     <span class='ocr_line' id='line_1_9' title="bbox 198 1135 1239 1222; baseline 0.002 -22"><span class='ocrx_word' id='word_1_63' title='bbox 198 1136 400 1202; x_wconf 78' lang='lat' dir='ltr'>haurirentur</span> <span class='ocrx_word' id='word_1_64' title='bbox 433 1136 592 1218; x_wconf 90' lang='lat' dir='ltr'>incendio,</span> <span class='ocrx_word' id='word_1_65' title='bbox 627 1137 743 1222; x_wconf 89' lang='lat' dir='ltr'>partim</span> <span class='ocrx_word' id='word_1_66' title='bbox 781 1136 877 1201; x_wconf 91' lang='lat' dir='ltr'>armis</span> <span class='ocrx_word' id='word_1_67' title='bbox 915 1135 1043 1200; x_wconf 90' lang='lat' dir='ltr'>omissis</span> <span class='ocrx_word' id='word_1_68' title='bbox 1080 1135 1113 1200; x_wconf 92' lang='lat' dir='ltr'>in</span> <span class='ocrx_word' id='word_1_69' title='bbox 1150 1156 1239 1202; x_wconf 89' lang='lat' dir='ltr'>mare</span> 
     </span>
     <span class='ocr_line' id='line_1_10' title="bbox 198 1239 1272 1324; baseline -0.007 -18"><span class='ocrx_word' id='word_1_70' title='bbox 198 1247 299 1306; x_wconf 91' lang='lat' dir='ltr'>semet</span> <span class='ocrx_word' id='word_1_71' title='bbox 321 1240 384 1324; x_wconf 91' lang='lat' dir='ltr'>ipsi</span> <span class='ocrx_word' id='word_1_72' title='bbox 408 1239 620 1306; x_wconf 80' lang='lat' dir='ltr'>immitterent.</span> <span class='ocrx_word' id='word_1_73' title='bbox 656 1240 699 1304; x_wconf 81' lang='lat' dir='ltr'>nt</span> <span class='ocrx_word' id='word_1_74' title='bbox 722 1239 822 1324; x_wconf 82' lang='lat' dir='ltr'>Tyrii,</span> <span class='ocrx_word' id='word_1_75' title='bbox 848 1239 902 1322; x_wconf 95' lang='lat' dir='ltr'>qui</span> <span class='ocrx_word' id='word_1_76' title='bbox 924 1259 1039 1324; x_wconf 87' lang='lat' dir='ltr'>capere</span> <span class='ocrx_word' id='word_1_77' title='bbox 1062 1259 1117 1306; x_wconf 91' lang='lat' dir='ltr'>eos</span> <span class='ocrx_word' id='word_1_78' title='bbox 1141 1249 1272 1322; x_wconf 81' lang='lat' dir='ltr'>quams</span> 
     </span>
     <span class='ocr_line' id='line_1_11' title="bbox 197 1335 1317 1428; baseline 0.001 -20"><span class='ocrx_word' id='word_1_79' title='bbox 197 1344 376 1410; x_wconf 87' lang='lat' dir='ltr'>interlicere</span> <span class='ocrx_word' id='word_1_80' title='bbox 398 1345 539 1426; x_wconf 90' lang='lat' dir='ltr'>mallent,</span> <span class='ocrx_word' id='word_1_81' title='bbox 563 1345 741 1408; x_wconf 82' lang='lat' dir='ltr'>natantium</span> <span class='ocrx_word' id='word_1_82' title='bbox 768 1364 880 1409; x_wconf 88' lang='lat' dir='ltr'>manus</span> <span class='ocrx_word' id='word_1_83' title='bbox 904 1343 1064 1428; x_wconf 91' lang='lat' dir='ltr'>stipitibus</span> <span class='ocrx_word' id='word_1_84' title='bbox 1088 1344 1239 1427; x_wconf 88' lang='lat' dir='ltr'>saxisque</span> <span class='ocrx_word' id='word_1_85' title='bbox 1315 1335 1317 1340; x_wconf 68' lang='grc'><strong>’</strong></span> 
     </span>
     <span class='ocr_line' id='line_1_12' title="bbox 200 1446 1240 1533; baseline -0.001 -21"><span class='ocrx_word' id='word_1_86' title='bbox 200 1449 396 1532; x_wconf 81' lang='lat' dir='ltr'>lacerabant,</span> <span class='ocrx_word' id='word_1_87' title='bbox 442 1446 543 1514; x_wconf 89' lang='lat' dir='ltr'>donec</span> <span class='ocrx_word' id='word_1_88' title='bbox 589 1447 746 1514; x_wconf 87' lang='lat' dir='ltr'>debilitati</span> <span class='ocrx_word' id='word_1_89' title='bbox 779 1448 907 1533; x_wconf 89' lang='lat' dir='ltr'>impune</span> <span class='ocrx_word' id='word_1_90' title='bbox 952 1447 1090 1530; x_wconf 91' lang='lat' dir='ltr'>navigiis</span> <span class='ocrx_word' id='word_1_91' title='bbox 1136 1448 1240 1533; x_wconf 85' lang='lat' dir='ltr'>excipi</span> 
     </span>
     <span class='ocr_line' id='line_1_13' title="bbox 199 1552 1274 1638; baseline -0.005 -20"><span class='ocrx_word' id='word_1_92' title='bbox 199 1561 341 1637; x_wconf 88' lang='lat' dir='ltr'>possent.</span> <span class='ocrx_word' id='word_1_93' title='bbox 386 1553 456 1618; x_wconf 89' lang='lat' dir='ltr'>Nec</span> <span class='ocrx_word' id='word_1_94' title='bbox 489 1552 638 1618; x_wconf 92' lang='lat' dir='ltr'>incendio</span> <span class='ocrx_word' id='word_1_95' title='bbox 671 1554 774 1618; x_wconf 92' lang='lat' dir='ltr'>solum</span> <span class='ocrx_word' id='word_1_96' title='bbox 812 1573 918 1636; x_wconf 85' lang='lat' dir='ltr'>opera</span> <span class='ocrx_word' id='word_1_97' title='bbox 947 1559 1143 1638; x_wconf 89' lang='lat' dir='ltr'>consumpta,</span> <span class='ocrx_word' id='word_1_98' title='bbox 1181 1552 1274 1618; x_wconf 81' lang='lat' dir='ltr'>sedo</span> 
     </span>
     <span class='ocr_line' id='line_1_14' title="bbox 199 1656 1239 1742; baseline 0 -21"><span class='ocrx_word' id='word_1_99' title='bbox 199 1656 281 1722; x_wconf 87' lang='lat' dir='ltr'>forte</span> <span class='ocrx_word' id='word_1_100' title='bbox 304 1656 418 1723; x_wconf 89' lang='lat' dir='ltr'>eodem</span> <span class='ocrx_word' id='word_1_101' title='bbox 442 1657 494 1723; x_wconf 91' lang='lat' dir='ltr'>die</span> <span class='ocrx_word' id='word_1_102' title='bbox 509 1656 729 1723; x_wconf 88' lang='lat' dir='ltr'>vehementior</span> <span class='ocrx_word' id='word_1_103' title='bbox 743 1663 857 1724; x_wconf 88' lang='lat' dir='ltr'>ventus</span> <span class='ocrx_word' id='word_1_104' title='bbox 876 1664 996 1722; x_wconf 90' lang='lat' dir='ltr'>motum</span> <span class='ocrx_word' id='word_1_105' title='bbox 1019 1679 1059 1722; x_wconf 89' lang='lat' dir='ltr'>ex</span> <span class='ocrx_word' id='word_1_106' title='bbox 1081 1657 1239 1742; x_wconf 85' lang='lat' dir='ltr'>profundo</span> 
     </span>
     <span class='ocr_line' id='line_1_15' title="bbox 200 1761 1240 1846; baseline 0 -20"><span class='ocrx_word' id='word_1_107' title='bbox 200 1783 287 1827; x_wconf 90' lang='lat' dir='ltr'>mare</span> <span class='ocrx_word' id='word_1_108' title='bbox 321 1761 410 1826; x_wconf 84' lang='lat' dir='ltr'>illisit</span> <span class='ocrx_word' id='word_1_109' title='bbox 443 1762 476 1827; x_wconf 94' lang='lat' dir='ltr'>in</span> <span class='ocrx_word' id='word_1_110' title='bbox 511 1762 638 1842; x_wconf 92' lang='lat' dir='ltr'>molem,</span> <span class='ocrx_word' id='word_1_111' title='bbox 672 1761 854 1844; x_wconf 84' lang='lat' dir='ltr'>crebrisque</span> <span class='ocrx_word' id='word_1_112' title='bbox 887 1761 1037 1827; x_wconf 88' lang='lat' dir='ltr'>fluctibus</span> <span class='ocrx_word' id='word_1_113' title='bbox 1067 1780 1240 1846; x_wconf 83' lang='lat' dir='ltr'>compages</span> 
     </span>
     <span class='ocr_line' id='line_1_16' title="bbox 200 1865 1240 1951; baseline -0.002 -19"><span class='ocrx_word' id='word_1_114' title='bbox 200 1866 305 1951; x_wconf 91' lang='lat' dir='ltr'>operis</span> <span class='ocrx_word' id='word_1_115' title='bbox 327 1867 515 1932; x_wconf 81' lang='lat' dir='ltr'>verberatae</span> <span class='ocrx_word' id='word_1_116' title='bbox 538 1867 689 1932; x_wconf 85' lang='lat' dir='ltr'>laxavere</span> <span class='ocrx_word' id='word_1_117' title='bbox 712 1889 753 1947; x_wconf 87' lang='lat' dir='ltr'>se,</span> <span class='ocrx_word' id='word_1_118' title='bbox 781 1886 923 1950; x_wconf 90' lang='lat' dir='ltr'>saxaque</span> <span class='ocrx_word' id='word_1_119' title='bbox 946 1865 1130 1932; x_wconf 90' lang='lat' dir='ltr'>interfluens</span> <span class='ocrx_word' id='word_1_120' title='bbox 1153 1866 1240 1930; x_wconf 91' lang='lat' dir='ltr'>unda</span> 
     </span>
     <span class='ocr_line' id='line_1_17' title="bbox 199 1968 1273 2055; baseline -0.001 -22"><span class='ocrx_word' id='word_1_121' title='bbox 199 1968 339 2034; x_wconf 89' lang='lat' dir='ltr'>medium</span> <span class='ocrx_word' id='word_1_122' title='bbox 362 1989 444 2053; x_wconf 91' lang='lat' dir='ltr'>opus</span> <span class='ocrx_word' id='word_1_123' title='bbox 475 1969 568 2054; x_wconf 91' lang='lat' dir='ltr'>rupit.</span> <span class='ocrx_word' id='word_1_124' title='bbox 614 1969 760 2035; x_wconf 86' lang='lat' dir='ltr'>Prorutis</span> <span class='ocrx_word' id='word_1_125' title='bbox 789 1969 887 2052; x_wconf 89' lang='lat' dir='ltr'>igitur</span> <span class='ocrx_word' id='word_1_126' title='bbox 916 1969 1061 2055; x_wconf 84' lang='lat' dir='ltr'>lapidum</span> <span class='ocrx_word' id='word_1_127' title='bbox 1092 1969 1273 2054; x_wconf 84' lang='lat' dir='ltr'>cumulis,7</span> 
     </span>
     <span class='ocr_line' id='line_1_18' title="bbox 200 2073 1239 2160; baseline 0.002 -22"><span class='ocrx_word' id='word_1_128' title='bbox 200 2073 315 2156; x_wconf 92' lang='lat' dir='ltr'>quibus</span> <span class='ocrx_word' id='word_1_129' title='bbox 337 2073 454 2140; x_wconf 88' lang='lat' dir='ltr'>iniecta</span> <span class='ocrx_word' id='word_1_130' title='bbox 476 2081 561 2140; x_wconf 89' lang='lat' dir='ltr'>terra</span> <span class='ocrx_word' id='word_1_131' title='bbox 577 2075 800 2156; x_wconf 88' lang='lat' dir='ltr'>sustinebatur,</span> <span class='ocrx_word' id='word_1_132' title='bbox 824 2094 980 2160; x_wconf 87' lang='lat' dir='ltr'>praeceps</span> <span class='ocrx_word' id='word_1_133' title='bbox 996 2075 1029 2138; x_wconf 95' lang='lat' dir='ltr'>in</span> <span class='ocrx_word' id='word_1_134' title='bbox 1045 2075 1239 2159; x_wconf 91' lang='lat' dir='ltr'>profundum</span> 
     </span>
     <span class='ocr_line' id='line_1_19' title="bbox 199 2178 1239 2263; baseline 0.002 -21"><span class='ocrx_word' id='word_1_135' title='bbox 199 2179 270 2260; x_wconf 89' lang='lat' dir='ltr'>ruit,</span> <span class='ocrx_word' id='word_1_136' title='bbox 303 2185 473 2260; x_wconf 86' lang='lat' dir='ltr'>tantaeque</span> <span class='ocrx_word' id='word_1_137' title='bbox 503 2180 596 2245; x_wconf 91' lang='lat' dir='ltr'>molis</span> <span class='ocrx_word' id='word_1_138' title='bbox 627 2179 683 2244; x_wconf 90' lang='lat' dir='ltr'>vix</span> <span class='ocrx_word' id='word_1_139' title='bbox 712 2179 779 2244; x_wconf 90' lang='lat' dir='ltr'>ulla</span> <span class='ocrx_word' id='word_1_140' title='bbox 808 2179 947 2263; x_wconf 87' lang='lat' dir='ltr'>vestigia</span> <span class='ocrx_word' id='word_1_141' title='bbox 976 2178 1097 2244; x_wconf 90' lang='lat' dir='ltr'>invenit</span> <span class='ocrx_word' id='word_1_142' title='bbox 1120 2179 1239 2245; x_wconf 90' lang='lat' dir='ltr'>Arabia</span> 
     </span>
     <span class='ocr_line' id='line_1_20' title="bbox 149 2279 1239 2367; baseline 0.001 -19"><span class='ocrx_word' id='word_1_143' title='bbox 149 2279 189 2350; x_wconf 86' lang='lat'>13</span> <span class='ocrx_word' id='word_1_144' title='bbox 201 2283 328 2349; x_wconf 89' lang='lat' dir='ltr'>rediens</span> <span class='ocrx_word' id='word_1_145' title='bbox 351 2283 544 2349; x_wconf 86' lang='lat' dir='ltr'>Alexander.</span> <span class='ocrx_word' id='word_1_146' title='bbox 591 2284 799 2367; x_wconf 85' lang='lat' dir='ltr'>Hic-quod</span> <span class='ocrx_word' id='word_1_147' title='bbox 813 2285 847 2348; x_wconf 93' lang='lat' dir='ltr'>in</span> <span class='ocrx_word' id='word_1_148' title='bbox 866 2283 1026 2349; x_wconf 70' lang='lat' dir='ltr'>adversis*</span> <span class='ocrx_word' id='word_1_149' title='bbox 1039 2284 1135 2350; x_wconf 90' lang='lat' dir='ltr'>rebus</span> <span class='ocrx_word' id='word_1_150' title='bbox 1158 2285 1239 2350; x_wconf 91' lang='lat' dir='ltr'>solet</span> 
     </span>
     <span class='ocr_line' id='line_1_21' title="bbox 198 2387 1238 2474; baseline 0.002 -22"><span class='ocrx_word' id='word_1_151' title='bbox 198 2388 265 2454; x_wconf 91' lang='lat' dir='ltr'>fieri</span> <span class='ocrx_word' id='word_1_152' title='bbox 282 2389 416 2454; x_wconf 91' lang='lat' dir='ltr'>-alius</span> <span class='ocrx_word' id='word_1_153' title='bbox 440 2387 473 2452; x_wconf 91' lang='lat' dir='ltr'>in</span> <span class='ocrx_word' id='word_1_154' title='bbox 495 2389 593 2453; x_wconf 89' lang='lat' dir='ltr'>aliurn</span> <span class='ocrx_word' id='word_1_155' title='bbox 628 2389 756 2474; x_wconf 91' lang='lat' dir='ltr'>culpam</span> <span class='ocrx_word' id='word_1_156' title='bbox 789 2389 991 2470; x_wconf 73' lang='lat' dir='ltr'>referebant</span> <span class='ocrx_word' id='word_1_157' title='bbox 1018 2409 1090 2453; x_wconf 92' lang='lat' dir='ltr'>cum</span> <span class='ocrx_word' id='word_1_158' title='bbox 1127 2408 1238 2454; x_wconf 90' lang='lat' dir='ltr'>omncs</span> 
     </span>
     <span class='ocr_line' id='line_1_22' title="bbox 197 2492 1273 2578; baseline 0.004 -21"><span class='ocrx_word' id='word_1_159' title='bbox 197 2493 305 2558; x_wconf 88' lang='lat' dir='ltr'>verius</span> <span class='ocrx_word' id='word_1_160' title='bbox 329 2492 369 2558; x_wconf 91' lang='lat' dir='ltr'>de</span> <span class='ocrx_word' id='word_1_161' title='bbox 393 2493 528 2559; x_wconf 89' lang='lat' dir='ltr'>saevitia</span> <span class='ocrx_word' id='word_1_162' title='bbox 542 2493 639 2559; x_wconf 91' lang='lat' dir='ltr'>maris</span> <span class='ocrx_word' id='word_1_163' title='bbox 655 2495 745 2577; x_wconf 93' lang='lat' dir='ltr'>queri</span> <span class='ocrx_word' id='word_1_164' title='bbox 768 2501 906 2578; x_wconf 86' lang='lat' dir='ltr'>possent.</span> <span class='ocrx_word' id='word_1_165' title='bbox 944 2493 1013 2558; x_wconf 84' lang='lat' dir='ltr'>Rex</span> <span class='ocrx_word' id='word_1_166' title='bbox 1035 2493 1109 2558; x_wconf 84' lang='lat' dir='ltr'>novi</span> <span class='ocrx_word' id='word_1_167' title='bbox 1132 2495 1237 2578; x_wconf 89' lang='lat' dir='ltr'>operis</span> <span class='ocrx_word' id='word_1_168' title='bbox 1256 2510 1273 2561; x_wconf 85' lang='lat'>8</span> 
     </span>
     <span class='ocr_line' id='line_1_23' title="bbox 198 2597 1239 2678; baseline 0.003 -17"><span class='ocrx_word' id='word_1_169' title='bbox 198 2598 314 2663; x_wconf 91' lang='lat' dir='ltr'>molem</span> <span class='ocrx_word' id='word_1_170' title='bbox 336 2617 426 2664; x_wconf 91' lang='lat' dir='ltr'>orsus</span> <span class='ocrx_word' id='word_1_171' title='bbox 448 2599 482 2663; x_wconf 89' lang='lat' dir='ltr'>in</span> <span class='ocrx_word' id='word_1_172' title='bbox 505 2598 675 2665; x_wconf 88' lang='lat' dir='ltr'>adversum</span> <span class='ocrx_word' id='word_1_173' title='bbox 697 2604 828 2664; x_wconf 89' lang='lat' dir='ltr'>ventum</span> <span class='ocrx_word' id='word_1_174' title='bbox 851 2619 913 2663; x_wconf 94' lang='lat' dir='ltr'>non</span> <span class='ocrx_word' id='word_1_175' title='bbox 938 2599 1046 2678; x_wconf 87' lang='lat' dir='ltr'>latere,</span> <span class='ocrx_word' id='word_1_176' title='bbox 1071 2597 1129 2664; x_wconf 88' lang='lat' dir='ltr'>sed</span> <span class='ocrx_word' id='word_1_177' title='bbox 1151 2605 1239 2664; x_wconf 88' lang='lat' dir='ltr'>recta</span> 
     </span>
     <span class='ocr_line' id='line_1_24' title="bbox 198 2701 1237 2788; baseline 0.001 -22"><span class='ocrx_word' id='word_1_178' title='bbox 198 2701 302 2768; x_wconf 85' lang='lat' dir='ltr'>fronte</span> <span class='ocrx_word' id='word_1_179' title='bbox 325 2702 457 2768; x_wconf 91' lang='lat' dir='ltr'>direxit:</span> <span class='ocrx_word' id='word_1_180' title='bbox 490 2725 528 2768; x_wconf 91' lang='lat' dir='ltr'>ea</span> <span class='ocrx_word' id='word_1_181' title='bbox 551 2708 657 2768; x_wconf 87' lang='lat' dir='ltr'>cetera</span> <span class='ocrx_word' id='word_1_182' title='bbox 687 2723 794 2788; x_wconf 89' lang='lat' dir='ltr'>opera,</span> <span class='ocrx_word' id='word_1_183' title='bbox 810 2703 899 2768; x_wconf 80' lang='lat' dir='ltr'>velut</span> <span class='ocrx_word' id='word_1_184' title='bbox 918 2705 977 2769; x_wconf 92' lang='lat' dir='ltr'>sub</span> <span class='ocrx_word' id='word_1_185' title='bbox 999 2703 1071 2787; x_wconf 88' lang='lat' dir='ltr'>ipsa</span> <span class='ocrx_word' id='word_1_186' title='bbox 1095 2703 1237 2784; x_wconf 89' lang='lat' dir='ltr'>latentia,</span> 
     </span>
     <span class='ocr_line' id='line_1_25' title="bbox 198 2807 1239 2892; baseline 0.003 -21"><span class='ocrx_word' id='word_1_187' title='bbox 198 2809 365 2874; x_wconf 90' lang='lat' dir='ltr'>tuebatur:</span> <span class='ocrx_word' id='word_1_188' title='bbox 395 2807 596 2872; x_wconf 90' lang='lat' dir='ltr'>latitudinem</span> <span class='ocrx_word' id='word_1_189' title='bbox 620 2826 745 2892; x_wconf 92' lang='lat' dir='ltr'>quoque</span> <span class='ocrx_word' id='word_1_190' title='bbox 775 2808 888 2892; x_wconf 88' lang='lat' dir='ltr'>aggeri</span> <span class='ocrx_word' id='word_1_191' title='bbox 918 2808 1045 2889; x_wconf 88' lang='lat' dir='ltr'>adiecit,</span> <span class='ocrx_word' id='word_1_192' title='bbox 1078 2815 1113 2874; x_wconf 93' lang='lat' dir='ltr'>ut</span> <span class='ocrx_word' id='word_1_193' title='bbox 1134 2815 1239 2874; x_wconf 88' lang='lat' dir='ltr'>turres</span> 
     </span>
     <span class='ocr_line' id='line_1_26' title="bbox 198 2909 1272 2998; baseline 0.005 -23"><span class='ocrx_word' id='word_1_194' title='bbox 198 2913 230 2975; x_wconf 93' lang='lat' dir='ltr'>in</span> <span class='ocrx_word' id='word_1_195' title='bbox 261 2909 366 2978; x_wconf 90' lang='lat' dir='ltr'>medio</span> <span class='ocrx_word' id='word_1_196' title='bbox 397 2913 555 2978; x_wconf 83' lang='lat' dir='ltr'>excitatae</span> <span class='ocrx_word' id='word_1_197' title='bbox 586 2914 698 2998; x_wconf 90' lang='lat' dir='ltr'>procul</span> <span class='ocrx_word' id='word_1_198' title='bbox 731 2913 786 2978; x_wconf 90' lang='lat' dir='ltr'>teli</span> <span class='ocrx_word' id='word_1_199' title='bbox 816 2913 903 2978; x_wconf 89' lang='lat' dir='ltr'>iactu</span> <span class='ocrx_word' id='word_1_200' title='bbox 933 2915 1093 2980; x_wconf 88' lang='lat' dir='ltr'>abessent.</span> <span class='ocrx_word' id='word_1_201' title='bbox 1139 2914 1272 2980; x_wconf 80' lang='lat' dir='ltr'>Totase</span> 
     </span>
     <span class='ocr_line' id='line_1_27' title="bbox 198 3017 1238 3102; baseline 0.001 -21"><span class='ocrx_word' id='word_1_202' title='bbox 198 3024 304 3082; x_wconf 90' lang='lat' dir='ltr'>autem</span> <span class='ocrx_word' id='word_1_203' title='bbox 328 3017 459 3082; x_wconf 88' lang='lat' dir='ltr'>arbores</span> <span class='ocrx_word' id='word_1_204' title='bbox 483 3037 556 3082; x_wconf 92' lang='lat' dir='ltr'>cum</span> <span class='ocrx_word' id='word_1_205' title='bbox 573 3017 757 3102; x_wconf 83' lang='lat' dir='ltr'>ingentibus</span> <span class='ocrx_word' id='word_1_206' title='bbox 776 3019 873 3084; x_wconf 88' lang='lat' dir='ltr'>ramis</span> <span class='ocrx_word' id='word_1_207' title='bbox 896 3019 928 3082; x_wconf 94' lang='lat' dir='ltr'>in</span> <span class='ocrx_word' id='word_1_208' title='bbox 944 3020 1045 3083; x_wconf 91' lang='lat' dir='ltr'>altum</span> <span class='ocrx_word' id='word_1_209' title='bbox 1066 3018 1238 3098; x_wconf 87' lang='lat' dir='ltr'>iaciebant,</span> 
     </span>
     <span class='ocr_line' id='line_1_28' title="bbox 198 3120 1238 3207; baseline 0.004 -23"><span class='ocrx_word' id='word_1_210' title='bbox 198 3120 314 3186; x_wconf 91' lang='lat' dir='ltr'>deinde</span> <span class='ocrx_word' id='word_1_211' title='bbox 340 3121 427 3186; x_wconf 90' lang='lat' dir='ltr'>saxis</span> <span class='ocrx_word' id='word_1_212' title='bbox 450 3121 626 3186; x_wconf 89' lang='lat' dir='ltr'>onerabant</span> <span class='ocrx_word' id='word_1_213' title='bbox 655 3141 829 3207; x_wconf 83' lang='lat' dir='ltr'>rursusque</span> <span class='ocrx_word' id='word_1_214' title='bbox 860 3121 986 3187; x_wconf 90' lang='lat' dir='ltr'>cumulo</span> <span class='ocrx_word' id='word_1_215' title='bbox 1017 3141 1126 3187; x_wconf 91' lang='lat' dir='ltr'>eorum</span> <span class='ocrx_word' id='word_1_216' title='bbox 1157 3123 1238 3188; x_wconf 89' lang='lat' dir='ltr'>alias</span> 
     </span>
     <span class='ocr_line' id='line_1_29' title="bbox 198 3225 1238 3310; baseline 0.003 -21"><span class='ocrx_word' id='word_1_217' title='bbox 198 3225 327 3291; x_wconf 85' lang='lat' dir='ltr'>arbores</span> <span class='ocrx_word' id='word_1_218' title='bbox 349 3225 532 3308; x_wconf 87' lang='lat' dir='ltr'>iniciebant,</span> <span class='ocrx_word' id='word_1_219' title='bbox 557 3234 625 3291; x_wconf 93' lang='lat' dir='ltr'>tum</span> <span class='ocrx_word' id='word_1_220' title='bbox 648 3227 764 3292; x_wconf 92' lang='lat' dir='ltr'>humus</span> <span class='ocrx_word' id='word_1_221' title='bbox 786 3227 1018 3310; x_wconf 78' lang='lat' dir='ltr'>aggerebatur:</span> <span class='ocrx_word' id='word_1_222' title='bbox 1043 3247 1139 3310; x_wconf 89' lang='lat' dir='ltr'>super</span> <span class='ocrx_word' id='word_1_223' title='bbox 1156 3246 1238 3308; x_wconf 90' lang='lat' dir='ltr'>quae</span> 
     </span>
     <span class='ocr_line' id='line_1_30' title="bbox 198 3329 1239 3413; baseline 0.003 -21"><span class='ocrx_word' id='word_1_224' title='bbox 198 3329 261 3393; x_wconf 89' lang='lat' dir='ltr'>alia</span> <span class='ocrx_word' id='word_1_225' title='bbox 284 3336 370 3394; x_wconf 90' lang='lat' dir='ltr'>strue</span> <span class='ocrx_word' id='word_1_226' title='bbox 394 3349 545 3394; x_wconf 91' lang='lat' dir='ltr'>saxorum</span> <span class='ocrx_word' id='word_1_227' title='bbox 568 3331 782 3412; x_wconf 86' lang='lat' dir='ltr'>arborumque</span> <span class='ocrx_word' id='word_1_228' title='bbox 806 3331 966 3395; x_wconf 88' lang='lat' dir='ltr'>cumulata</span> <span class='ocrx_word' id='word_1_229' title='bbox 989 3329 1076 3395; x_wconf 89' lang='lat' dir='ltr'>velut</span> <span class='ocrx_word' id='word_1_230' title='bbox 1100 3330 1239 3413; x_wconf 91' lang='lat' dir='ltr'>quodam</span> 
     </span>
     <span class='ocr_line' id='line_1_31' title="bbox 199 3433 1237 3519; baseline 0 -21"><span class='ocrx_word' id='word_1_231' title='bbox 199 3453 283 3498; x_wconf 91' lang='lat' dir='ltr'>nexu</span> <span class='ocrx_word' id='word_1_232' title='bbox 317 3434 482 3499; x_wconf 91' lang='lat' dir='ltr'>continens</span> <span class='ocrx_word' id='word_1_233' title='bbox 516 3455 596 3519; x_wconf 92' lang='lat' dir='ltr'>opus</span> <span class='ocrx_word' id='word_1_234' title='bbox 629 3434 806 3500; x_wconf 90' lang='lat' dir='ltr'>iunxerant.</span> <span class='ocrx_word' id='word_1_235' title='bbox 852 3435 922 3500; x_wconf 87' lang='lat' dir='ltr'>Neo</span> <span class='ocrx_word' id='word_1_236' title='bbox 951 3433 1052 3519; x_wconf 81' lang='lat' dir='ltr'>Tyrii,</span> <span class='ocrx_word' id='word_1_237' title='bbox 1086 3434 1237 3518; x_wconf 89' lang='lat' dir='ltr'>quicquid</span> 
     </span>
    </p>
   </div>
   <div class='ocr_carea' id='block_1_3' title="bbox 199 3537 1290 3938">
    <p class='ocr_par' dir='ltr' id='par_1_3' title="bbox 199 3537 1290 3938">
     <span class='ocr_line' id='line_1_32' title="bbox 199 3537 1238 3624; baseline 0.001 -20"><span class='ocrx_word' id='word_1_238' title='bbox 199 3538 240 3604; x_wconf 88' lang='lat' dir='ltr'>ad</span> <span class='ocrx_word' id='word_1_239' title='bbox 278 3537 515 3623; x_wconf 91' lang='lat' dir='ltr'>impediendam</span> <span class='ocrx_word' id='word_1_240' title='bbox 552 3541 668 3604; x_wconf 93' lang='lat' dir='ltr'>molem</span> <span class='ocrx_word' id='word_1_241' title='bbox 706 3539 882 3620; x_wconf 88' lang='lat' dir='ltr'>excogitari</span> <span class='ocrx_word' id='word_1_242' title='bbox 914 3545 1050 3624; x_wconf 90' lang='lat' dir='ltr'>poterat,</span> <span class='ocrx_word' id='word_1_243' title='bbox 1097 3539 1238 3622; x_wconf 89' lang='lat' dir='ltr'>segniter</span> 
     </span>
     <span class='ocr_line' id='line_1_33' title="bbox 200 3643 1290 3728; baseline 0.002 -23"><span class='ocrx_word' id='word_1_244' title='bbox 200 3643 450 3726; x_wconf 84' lang='lat' dir='ltr'>exequebantur.</span> <span class='ocrx_word' id='word_1_245' title='bbox 497 3643 710 3728; x_wconf 91' lang='lat' dir='ltr'>Praecipuum</span> <span class='ocrx_word' id='word_1_246' title='bbox 741 3643 896 3708; x_wconf 90' lang='lat' dir='ltr'>auxilium</span> <span class='ocrx_word' id='word_1_247' title='bbox 930 3650 1006 3724; x_wconf 88' lang='lat' dir='ltr'>erat,</span> <span class='ocrx_word' id='word_1_248' title='bbox 1042 3643 1095 3726; x_wconf 91' lang='lat' dir='ltr'>qui</span> <span class='ocrx_word' id='word_1_249' title='bbox 1128 3644 1238 3726; x_wconf 89' lang='lat' dir='ltr'>procul</span> <span class='ocrx_word' id='word_1_250' title='bbox 1258 3658 1290 3707; x_wconf 91' lang='lat'>10</span> 
     </span>
     <span class='ocr_line' id='line_1_34' title="bbox 200 3744 1237 3832; baseline 0.004 -24"><span class='ocrx_word' id='word_1_251' title='bbox 200 3744 338 3810; x_wconf 90' lang='lat' dir='ltr'>hostium</span> <span class='ocrx_word' id='word_1_252' title='bbox 373 3753 547 3831; x_wconf 90' lang='lat' dir='ltr'>conspectu</span> <span class='ocrx_word' id='word_1_253' title='bbox 581 3747 731 3815; x_wconf 88' lang='lat' dir='ltr'>subibant</span> <span class='ocrx_word' id='word_1_254' title='bbox 764 3766 883 3828; x_wconf 87' lang='lat' dir='ltr'>aquam</span> <span class='ocrx_word' id='word_1_255' title='bbox 921 3746 1108 3829; x_wconf 87' lang='lat' dir='ltr'>occultoque</span> <span class='ocrx_word' id='word_1_256' title='bbox 1145 3747 1237 3832; x_wconf 90' lang='lat' dir='ltr'>lapsu</span> 
     </span>
     <span class='ocr_line' id='line_1_35' title="bbox 201 3848 1238 3938; baseline 0.003 -23"><span class='ocrx_word' id='word_1_257' title='bbox 201 3848 243 3916; x_wconf 90' lang='lat' dir='ltr'>ad</span> <span class='ocrx_word' id='word_1_258' title='bbox 265 3851 382 3918; x_wconf 91' lang='lat' dir='ltr'>molem</span> <span class='ocrx_word' id='word_1_259' title='bbox 404 3870 506 3937; x_wconf 89' lang='lat' dir='ltr'>usque</span> <span class='ocrx_word' id='word_1_260' title='bbox 529 3853 748 3938; x_wconf 86' lang='lat' dir='ltr'>penetrabant,</span> <span class='ocrx_word' id='word_1_261' title='bbox 779 3851 915 3918; x_wconf 82' lang='lat' dir='ltr'>falcibus</span> <span class='ocrx_word' id='word_1_262' title='bbox 944 3851 1068 3938; x_wconf 89' lang='lat' dir='ltr'>palmas</span> <span class='ocrx_word' id='word_1_263' title='bbox 1091 3852 1238 3918; x_wconf 85' lang='lat' dir='ltr'>arborum</span> 
     </span>
    </p>
   </div>
   <div class='ocr_carea' id='block_1_4' title="bbox 0 0 1520 4322">
    <p class='ocr_par' dir='ltr' id='par_1_4' title="bbox 0 0 1520 4322">
     <span class='ocr_line' id='line_1_36' title="bbox 0 0 1520 4322; baseline 0 0"><span class='ocrx_word' id='word_1_264' title='bbox 0 0 1520 4322; x_wconf 95' lang='lat' dir='ltr'> </span> 
     </span>
    </p>
   </div>
  </div>
 </body>
</html>
