2970 4322
292 195 354 260 288
678 197 708 264 o.
728 197 835 252 ouum
853 197 941 251 uum

290 401 353 488 ipsi
372 401 492 468 moveri
507 407 664 486 poterant,
681 401 831 483 quidnam¹
846 408 976 467 acturus
993 407 1086 484 esset,
1103 404 1328 488 expectabant.

240 518 271 570 15
397 507 465 589 Ille,
485 505 586 584 ‘Quid
613 505 715 584 haec:
748 505 859 588 inquit,
890 507 1018 590 ‘repens
1048 508 1264 573 consternatio
1294 517 1330 574 et

287 617 353 676 tam
387 631 507 696 procax
547 617 643 693 atquc
676 610 779 674 offusa
818 608 948 675 licentia
982 609 1172 675 denuntiat?
1210 611 1329 694 Eloqui

287 722 406 798 metuo,
437 717 543 799 palam
566 721 668 780 certe:
693 713 824 800 rupistis
846 713 1025 798 imperium,
1049 720 1081 778 et
1102 715 1247 798 precario
1270 737 1329 781 rex

287 838 367 900 sum,
391 819 441 884 cui
464 839 527 883 non
549 817 740 900 alloquendi,
775 837 838 882 non
861 815 1014 882 noscendi
1036 815 1252 900 monendique
1273 827 1329 884 aut

237 941 268 992 16
286 917 431 988 intuendi
448 941 505 988 vos
525 922 574 987 ius
589 921 769 1004 reliquistis,
805 919 962 1003 Equidem
981 941 1053 985 cum
1067 920 1147 986 alios
1167 920 1328 988 dimittere

287 1027 320 1090 in
342 1027 486 1112 patriam,
508 1027 588 1091 alios
607 1045 731 1092 mecum
750 1024 847 1110 paulo
866 1031 942 1110 'post
961 1023 1130 1109 deportare
1149 1026 1326 1107 statuerim,

286 1137 351 1195 tam
374 1131 447 1196 illos
469 1131 682 1196 acclamantes
701 1125 805 1211 vidco,
831 1129 885 1212 qui
902 1129 1019 1194 abituri
1038 1135 1121 1210 sunt,
1145 1149 1242 1211 quam
1257 1128 1327 1212 hos,

236 1253 267 1302 17
286 1253 358 1298 oum
388 1235 504 1317 quibus
532 1234 726 1319 praemissos
749 1232 900 1315 subsequi
931 1233 1048 1297 statuis
1084 1231 1168 1308 Quid
1190 1232 1255 1297 hoc
1278 1241 1327 1299 est

285 1338 357 1403 roi?
381 1339 501 1423 dispari
519 1339 553 1402 in
569 1357 666 1404 causa
684 1337 768 1403 idem
784 1337 923 1402 omnium
942 1337 1061 1404 clamor
1076 1343 1133 1402 est.
1165 1337 1327 1404 Pervelim

286 1443 377 1524 scire,
413 1450 517 1508 utrum
548 1443 602 1525 qui
632 1440 802 1508 discedunt
831 1461 872 1504 an
903 1441 957 1523 qui
990 1441 1166 1506 retinentur
1199 1441 1241 1506 de
1275 1464 1326 1508 me

235 1563 267 1615 18
286 1550 475 1629 querantur!
504 1546 657 1612 Crederes
673 1566 737 1610 uno
753 1565 807 1610 ore
822 1565 933 1611 omnes
950 1545 1118 1610 sustulisse
1134 1544 1324 1611 clamorem:

285 1649 330 1714 ita
352 1651 471 1735 pariter
489 1672 529 1716 cx
551 1657 619 1715 tota
638 1650 784 1716 contione
810 1668 1000 1733 responsum
1023 1655 1071 1713 est
1094 1667 1205 1714 omnes
1225 1651 1324 1732 queri.

237 1771 268 1822 19
287 1754 368 1818 Tum
391 1755 454 1835 ille,
479 1754 564 1818 ‘Non
583 1751 731 1834 heroule',
749 1753 860 1836 inquit,
880 1754 998 1836 ‘potest
1019 1750 1096 1832 fieri,
1121 1757 1157 1816 ut
1178 1752 1323 1819 adducar
1337 1755 1377 1828 10

287 1858 440 1940 querendi
464 1859 558 1924 simul
581 1858 725 1923 omnibus
744 1857 828 1922 banc
850 1876 977 1922 causam
1001 1875 1081 1937 csse,
1107 1875 1203 1938 quam
1222 1865 1327 1924 osten-

287 1961 377 2027 ditis:
405 1962 437 2027 in
460 1983 522 2046 qua
545 1963 646 2027 maior
668 1982 739 2046 pars
762 1961 921 2027 exercitus
944 1965 1088 2040 nonest,
1118 1965 1230 2044 utpote
1254 1982 1326 2028 cum

234 2085 268 2135 20
286 2066 393 2150 plures
413 2060 587 2154 dimiserim
603 2086 699 2150 quam
714 2073 894 2130 retenturus
910 2085 990 2130 sum.
1037 2064 1154 2130 Subest
1176 2065 1326 2130 nimirum

285 2169 383 2236 altius
403 2171 533 2251 malum,
557 2169 642 2253 quod
664 2189 773 2235 omnes
796 2169 911 2235 avertit
933 2189 953 2232 a
975 2190 1036 2234 me.
1079 2167 1215 2244 Quando
1239 2171 1326 2236 enim

284 2293 394 2358 regem
424 2275 591 2340 universus
615 2273 755 2339 deseruit
784 2274 967 2340 exercitus?
1012 2275 1061 2338 Ne
1084 2273 1169 2339 servi
1193 2275 1325 2356 quidem

284 2398 347 2443 uno
379 2399 479 2462 grege
501 2378 689 2465 profugiunt
713 2377 866 2460 dominos,
898 2378 956 2443 sed
978 2383 1027 2443 est
1049 2377 1179 2461 quidam
1203 2378 1324 2444 inillis

231 2501 263 2551 21
283 2483 387 2567 pudor
409 2505 428 2548 a
450 2483 564 2548 ceteris
587 2482 755 2548 destitutos
778 2481 986 2564 relinquendi.
1021 2481 1139 2546 Verum
1163 2501 1233 2565 ego,
1258 2490 1324 2548 tam

283 2586 422 2652 furiosae
461 2586 722 2652 consternationis
760 2573 885 2666 oblitus,
913 2584 1054 2650 remedia
1091 2574 1323 2655 insanabilibus

284 2710 381 2755 conor
403 2691 565 2759 adhibere.
600 2688 745 2756 -Omnem
767 2689 898 2756 hercule
921 2710 1021 2774 spem,
1048 2710 1143 2774 quam
1167 2710 1208 2755 ex
1230 2691 1322 2758 vobis

284 2814 501 2880 conceperam,
534 2793 651 2859 damno
674 2815 733 2859 nec
756 2801 792 2860 ut
815 2814 887 2859 cum
916 2794 1067 2859 militibus
1090 2795 1171 2860 meis
1194 2831 1236 2840 -
1258 2796 1322 2862 iam

283 2897 368 2962 enim
391 2918 461 2964 esse
491 2897 619 2964 desistis
643 2897 766 2963 —sed
795 2904 829 2962 ut
859 2916 932 2961 cum
961 2897 1185 2980 ingratissimis
1215 2899 1322 2984 operis

231 3019 379 3084 magere
403 3001 539 3068 decrevi.
587 3000 742 3068 Secundis
765 3001 871 3090 rebus,
906 3021 987 3084 quae
1010 2999 1229 3067 circumfluunt
1253 3023 1320 3084 vos,

282 3104 421 3170 insanire
458 3106 617 3191 coepistis,
656 3105 745 3171 obliti
780 3111 879 3172 status
918 3105 997 3186 eius,
1036 3097 1137 3187 quem*
1167 3106 1320 3174 beneficio

281 3209 414 3275 exuistis
436 3230 516 3294 meo,
540 3209 629 3293 digni
652 3209 789 3291 hercule,
813 3209 867 3292 qui
889 3207 923 3273 in
947 3208 1060 3274 eodem
1076 3210 1320 3294 consenescatis,

280 3307 429 3395 quoniam
460 3313 584 3379 facilius
616 3321 664 3379 est
697 3313 788 3379 vobis
817 3313 987 3380 adversam
1018 3333 1113 3397 quam
1147 3316 1320 3382 secundam

228 3436 261 3486 23
280 3437 392 3500 regere
416 3417 584 3482 fortunam.
630 3419 679 3482 En
702 3417 841 3500 tandem,
866 3417 1048 3502 lllyriorum
1072 3419 1178 3502 paulo·
1191 3427 1266 3487 ante
1289 3429 1322 3487 et

281 3522 452 3586 Persarum
474 3522 649 3587 tributariis
671 3523 750 3587 Asia
773 3529 804 3588 et
827 3529 874 3587 tot
898 3523 1042 3606 gentium
1065 3523 1167 3608 spolia
1190 3524 1322 3590 fastidio

285 3627 374 3692 sunt!
399 3626 493 3692 Modo
517 3630 574 3692 sub
590 3627 738 3712 Philippo
762 3627 935 3692 seminudis
958 3627 1096 3694 amicula
1118 3648 1158 3693 ex
1181 3649 1323 3714 purpura

284 3730 422 3812 sordent,
453 3751 564 3795 aurum
595 3738 626 3796 ct
655 3737 824 3814 argentum
855 3732 938 3796 oculi
968 3733 1050 3797 ferre
1073 3752 1137 3797 non
1167 3744 1320 3819 possunt:

284 3835 390 3919 lignea
419 3835 501 3900 enim
525 3853 605 3899 vasa
628 3834 811 3901 desiderant
841 3843 873 3902 et
897 3858 936 3902 ex
959 3837 1099 3903 cratibus
1123 3844 1214 3904 scuta
1236 3840 1322 3906 rubi-
