3028 4322
406 255 657 312 HISTORIARUM
675 256 890 311 ALEXANDRI
907 255 944 309 IV
963 259 986 310 3.
1006 259 1030 309 4.
1196 257 1239 322 45

201 485 316 552 corpus
338 463 492 551 applicuit
513 463 788 547 diverberatisque
806 463 954 529 fluctibus
973 464 1116 530 allevans
1139 470 1239 530 semet

200 570 358 653 utrimque
388 575 560 654 conspecta
591 575 654 634 est:
679 567 796 634 deindo
826 589 846 633 a
875 567 979 652 capite
1010 568 1101 634 molis
1131 579 1274 634 rursusl

200 675 265 740 alto
288 694 323 739 se
346 673 499 738 immersit
521 694 569 755 ac,
592 671 687 738 modo
714 693 811 757 super
833 671 934 738 undas
958 673 1099 738 eminens
1123 694 1240 756 magna

201 778 250 844 sui
272 785 373 862 parte,
397 777 493 842 modo
512 776 689 864 superfusis
701 775 850 842 fluctibus
870 775 1008 858 condita,
1031 776 1118 841 haud
1129 778 1240 861 procul

199 881 402 946 munimentis
425 880 512 946 urhis
536 901 571 946 se
593 880 711 946 mersit
758 880 910 964 Utrisque
933 882 1035 946 laetus
1051 880 1111 945 fuit
1126 882 1273 946 beluaco

199 993 366 1070 aspectus:
390 984 581 1051 Macedones
604 985 665 1050 iter
687 984 834 1050 iaciendo
850 983 938 1069 operi
953 993 1146 1050 monstrasse
1170 1005 1239 1049 eam

199 1091 445 1172 augurabantur,
465 1089 555 1173 Tyrii
567 1089 760 1174 Neptunum,
785 1088 931 1174 occupati
953 1089 1049 1154 maris
1071 1088 1239 1170 vindicem,

199 1194 376 1277 abripuisse
406 1195 540 1276 beluam,
572 1215 610 1258 ac
639 1195 755 1260 molem
784 1193 874 1259 brevi
903 1193 1046 1278 profecto
1076 1193 1238 1258 ruituram.

199 1299 353 1380 Laetique
376 1298 481 1363 omine
504 1319 543 1364 eo
565 1297 608 1362 ad
631 1300 741 1384 epulas
765 1297 881 1383 dilapsi
905 1319 1077 1364 oneravere
1100 1297 1237 1379 sevino,

200 1424 262 1486 quo
299 1423 415 1486 graves
453 1411 521 1468 orto
559 1405 626 1469 sole
658 1403 789 1487 navigia
825 1403 1050 1484 conscendunt,
1089 1401 1238 1467 redimita

200 1505 332 1572 floribus
356 1507 563 1590 coronisque:
585 1507 667 1572 adeo
683 1507 835 1574 victoriae
858 1529 921 1572 non
937 1526 1029 1574 omen
1051 1506 1155 1588 modo,
1181 1505 1240 1576 sed

148 1608 187 1678 18
200 1610 295 1676 etiam
329 1611 573 1695 gratulationem
602 1619 839 1696 praeceperant.
885 1612 981 1677 Forte
1014 1632 1071 1676 rex
1105 1613 1274 1676 classemo

199 1715 232 1779 in
255 1715 414 1781 diversam
437 1722 560 1800 partem
572 1715 627 1798 agi
649 1715 794 1797 iusserat,
815 1726 892 1779 xxx
911 1714 1086 1780 minoribus
1101 1715 1239 1798 navigiis

198 1819 317 1884 relictis
344 1819 377 1884 in
406 1819 515 1884 litore:
539 1839 557 1884 e
581 1819 695 1902 quihus
717 1819 818 1904 Tyrii,
841 1819 966 1885 dnobus
990 1819 1102 1903 captis,
1133 1823 1240 1884 cetera

199 1923 322 2008 ingenti
344 1929 524 1990 terruerunt
546 1930 642 2004 metu,
674 1923 777 1990 donec
807 1944 937 1990 suorum
967 1925 1105 1989 clamore
1128 1921 1239 1988 audito

199 2026 383 2093 Alexander
417 2028 551 2094 classem
586 2027 680 2110 litori,
716 2049 736 2093 a
770 2049 832 2111 quo
866 2027 1012 2094 fremitus
1045 2025 1237 2108 acciderant,

199 2131 352 2200 admovit.
397 2132 505 2196 Prima
537 2153 555 2197 e
589 2133 798 2198 Macedonum
832 2133 967 2198 navibus
1002 2131 1273 2214 quinqueremis7

199 2235 370 2302 velocitate
392 2236 476 2302 inter
497 2243 619 2302 ceteras
646 2237 789 2304 eminens
813 2237 966 2302 occurrit:
992 2256 1087 2319 quam
1109 2242 1147 2300 nt
1168 2255 1239 2300 oon-

200 2360 334 2424 spexere
357 2341 485 2424 Tyriae,
510 2340 593 2406 duae
617 2362 657 2406 ex
679 2341 805 2408 diverso
829 2342 861 2406 in
884 2342 985 2406 latera
1007 2341 1077 2407 eius
1092 2341 1238 2408 invectae

200 2451 283 2524 sunt,
306 2444 340 2510 in
363 2464 496 2528 quarum
518 2445 652 2510 alteram
682 2446 919 2530 quinqueremis
942 2445 1102 2511 concitata
1124 2443 1238 2510 eadem

200 2554 233 2614 et
254 2548 328 2634 ipsa
349 2556 451 2615 rostro
475 2549 540 2615 icta
562 2556 611 2616 est
633 2557 666 2616 et
688 2550 776 2614 illam
798 2549 935 2616 invicem
958 2549 1069 2616 tenuit.
1106 2549 1238 2629 Iamque
1256 2555 1274 2606 8

199 2673 248 2735 ea,
272 2673 354 2736 qnae
376 2674 439 2718 non
462 2652 663 2735 cohaerebat,
688 2654 789 2720 libero
812 2654 934 2738 impetu
957 2661 1072 2720 evecta
1094 2653 1127 2717 in
1149 2652 1239 2718 aliud

199 2757 438 2841 quinqueremis
462 2758 545 2824 latus
565 2759 791 2825 invehebatur:
816 2779 889 2824 cum
905 2757 1143 2844 opportunitate
1159 2757 1238 2822 mira

197 2861 335 2927 triremis
358 2882 376 2928 e
400 2863 503 2928 classe
527 2862 702 2928 Alexandri
731 2863 764 2927 in
794 2884 866 2928 earn
896 2863 1008 2948 ipsam,
1041 2882 1124 2945 quae
1150 2861 1238 2943 qnin-

198 2966 342 3049 queremi
364 2965 560 3049 imminebat,
591 2973 679 3032 tanta
712 2967 744 3032 vi
779 2968 921 3052 impulso
960 2978 1011 3048 est,
1049 2972 1084 3031 ut
1120 2966 1238 3050 Tyrius

198 3071 395 3153 gubernator
416 3071 449 3136 in
471 3091 559 3137 mare
576 3077 776 3136 excuteretur
798 3092 817 3137 e
840 3071 951 3156 puppi.
986 3071 1097 3136 Plures
1120 3069 1236 3134 deindo
1255 3076 1271 3126 9

199 3173 413 3240 Macedonum
426 3194 534 3249 ,naves
557 3175 793 3260 superveniunt,
825 3183 857 3240 et
878 3197 935 3240 rex
958 3193 1085 3256 quoque
1108 3173 1237 3238 aderat:

199 3298 271 3344 oum
293 3278 383 3362 Tyrii
405 3278 703 3353 inhibentesremis
725 3299 822 3363 aegre
845 3280 983 3346 evellere
1005 3300 1129 3360 navem,
1155 3298 1239 3362 quae

197 3381 361 3468 haerebat,
397 3389 588 3469 portumque
626 3385 731 3449 omnia
775 3384 870 3450 simul
914 3383 1044 3468 navigia
1079 3387 1236 3468 repetunt.

200 3486 379 3554 Confestim
412 3510 470 3554 rex
503 3489 667 3556 insecutus
701 3495 826 3573 portum
862 3488 990 3572 quidem
1024 3489 1141 3553 intrare
1174 3508 1237 3552 non

197 3591 309 3677 potnit,
346 3612 420 3658 cum
450 3593 563 3678 procul
592 3613 610 3658 e
639 3593 738 3658 muris
768 3592 940 3660 missilibus
971 3596 1234 3672 summoveretur,

197 3716 296 3763 naves
318 3703 426 3762 autem
449 3717 559 3763 omnes
581 3697 648 3762 fere
671 3703 727 3762 aut
750 3696 902 3762 demersit
924 3703 979 3760 aut
1002 3695 1096 3780 cepit.

146 3798 186 3870 19
303 3799 406 3866 Biduo
430 3801 547 3867 deinde
569 3801 612 3866 ad
635 3801 775 3884 quietem
805 3801 880 3866 dato
904 3801 1056 3865 militibus
1078 3799 1237 3880 iussisque
1257 3810 1289 3859 ιο

199 3909 232 3968 ot
254 3903 391 3970 classem
422 3911 454 3970 et
483 3904 647 3972 machinas
677 3905 797 3990 pariter
825 3905 1005 3983 admovere,
1038 3909 1073 3966 ut
1095 3901 1251 3996 undiquc
