2976 4322
268 152 332 216 244
656 154 687 220 Q.
706 151 815 206 CURTI
833 149 919 206 RUFI
1044 156 1047 160 ’

270 359 420 442 colligere
443 358 615 444 dispersos,
640 358 752 425 obvius
769 358 852 423 hosti
875 357 920 423 ire
943 356 1046 441 pergit
1062 355 1320 442 elephantosque

215 475 248 524 23
268 469 343 528 ante
366 483 480 546 agmen
504 481 631 528 suorum
653 461 708 546 agi
730 461 827 532 iubet.
863 459 1015 543 Magnum
1037 459 1152 525 beluae
1174 459 1320 526 iniecere

266 572 432 646 terrorem,
455 565 665 650 insolitusque
681 565 796 632 stridor
817 586 878 630 non
902 584 1001 648 equos
1016 563 1121 645 modo,
1145 570 1211 628 tam
1226 564 1319 648 pavi-

268 668 344 734 dum
376 670 418 736 ad
453 671 560 736 omnia
592 671 720 752 animal,
756 671 814 736 sed
842 669 927 734 viros
961 688 1087 751 quoque
1121 667 1316 750 ordinesque

215 787 249 836 24
267 773 461 839 turbaverat.
508 776 577 839 Iam
611 775 709 858 fugae
742 772 1040 858 circumspiciebant
1073 771 1188 854 locum,
1215 772 1314 856 paulo

266 885 340 945 ante
366 879 512 962 victores,
543 901 615 946 cum
644 879 826 946 Alexander
856 878 1015 962 Agrianos
1042 882 1075 942 et
1097 875 1239 941 Thracas
1270 877 1313 942 le-

267 983 349 1047 viter
374 992 522 1065 armatos,
546 984 709 1050 meliorem
739 982 980 1049 concursatione
1011 1001 1106 1064 quam
1137 980 1313 1046 comminus

216 1101 249 1149 25
268 1087 411 1168 militem,
442 1088 547 1154 emisit
581 1089 613 1153 in
647 1089 766 1154 beluas.
813 1089 979 1171 Ingentem
1014 1085 1046 1150 hi
1080 1084 1144 1150 vim
1178 1085 1313 1150 telorum

267 1191 406 1257 iniecere
430 1199 462 1258 et
478 1192 658 1278 elephantis
680 1199 713 1258 et
727 1191 911 1275 regentibus
930 1209 1002 1256 eos:
1025 1189 1168 1273 phalanx
1186 1209 1314 1272 quoque

217 1309 250 1358 26
272 1295 391 1361 instare
417 1304 600 1363 constanter
629 1298 746 1362 territis
772 1295 886 1381 coepit.
932 1295 998 1360 Sed
1027 1293 1167 1377 quidam,
1185 1291 1313 1358 avidius

269 1400 427 1485 persecuti
452 1401 606 1483 beluas,⁸
598 1424 632 1466 ιιι
655 1409 754 1468 semet
781 1401 943 1465 inritavere
965 1398 1159 1464 vulneribus.
1194 1397 1312 1462 Obtriti

271 1524 348 1586 ergo
372 1503 508 1590 pedibus
539 1527 646 1571 earum
670 1513 720 1571 cet
722 1506 838 1586 eris,u
839 1503 1008 1590 tparoius
1034 1503 1198 1582 instarent
1175 1501 1312 1567 tinere

217 1621 250 1670 27
271 1608 438 1674 document
426 1617 501 1674 t.um
547 1611 750 1696 Praecipue
751 1609 901 1676 terribilis
923 1609 979 1672 illa
1009 1606 1107 1673 facies
1137 1613 1213 1687 erat,
1238 1626 1310 1670 cum

269 1735 364 1778 manu
387 1736 475 1779 arma
498 1715 645 1798 virosque
668 1715 861 1799 soniperent
887 1720 919 1779 et
942 1732 1036 1797 super
1066 1729 1101 1776 se
1123 1711 1309 1793 regentibus

218 1828 251 1879 28
270 1818 438 1884 traderent.
484 1819 612 1904 Anceps
642 1840 719 1904 ergo
752 1839 862 1904 pugna
884 1837 968 1882 nunc
1001 1815 1208 1899 sequentium,
1229 1835 1311 1879 nuno

270 1922 459 2005 fugientium
483 1925 705 2008 elephantos'
697 1947 729 1988 m
755 1923 833 1988 mult
821 1931 890 1988 tum
919 1921 983 1986 diei
1005 1920 1127 1987 varium
1150 1925 1308 1985 certamen

271 2034 325 2092 ext
326 2027 424 2092 raxit:
395 2028 560 2094 tdoneo
589 2029 815 2094 securibns-
839 2027 873 2092 id
902 2046 1038 2108 namque
1068 2041 1169 2108 genus
1200 2023 1309 2088 auxilii

219 2143 253 2192 29
271 2138 494 2215 praeparatum
517 2139 643 2198 crat—-
658 2132 758 2218 pedes
781 2139 944 2217 amputare
964 2136 1144 2215 coeperunt.
1170 2128 1310 2214 Copidas

271 2235 428 2300 vocabant
455 2235 581 2319 gladios
604 2237 717 2302 leviter
743 2243 896 2320 curvatos,
920 2233 1056 2300 falcibus
1087 2233 1216 2315 similes,
1242 2233 1313 2316 quis

272 2340 468 2424 appetebant
490 2341 653 2406 beluarum
675 2361 795 2406 manus.
830 2340 900 2405 Neo
923 2339 1092 2422 quicquam
1113 2338 1314 2423 inexpertum

274 2463 337 2508 non
360 2444 472 2508 mortis
489 2444 594 2525 modo,
620 2444 789 2510 sedetiam
812 2445 845 2509 in
866 2445 937 2530 ipsa
954 2451 1053 2509 morte
1076 2443 1149 2507 novi
1166 2442 1314 2528 supplicii

119 2635 121 2642 y
222 2562 256 2610 30
273 2547 368 2613 timor
405 2548 577 2613 omittebat.
624 2550 709 2632 Ergo
754 2548 924 2634 elephanti,
962 2549 1147 2614 vulneribus
1183 2547 1370 2620 tandembd

274 2651 411 2735 fatigati,
435 2672 510 2717 suos
530 2652 650 2737 impetu
666 2660 817 2734 stemunt‚
830 2659 871 2734 et,
895 2653 949 2736 qui
968 2659 1115 2719 rexerant
1137 2671 1203 2732 eos,
1226 2672 1318 2737 prae-

275 2756 397 2840 cipitati
422 2756 452 2820 in
482 2764 598 2822 terram
621 2758 662 2821 ab
688 2757 767 2841 ipsis
790 2757 1022 2825 obterebantur.
1069 2757 1201 2839 Iamque
1227 2775 1319 2840 peoo-

274 2881 343 2924 rum
366 2860 470 2942 modo,
496 2862 599 2944 magis
623 2861 729 2946 pavidi
755 2882 849 2944 quam
877 2861 994 2942 infesti,
1026 2862 1109 2926 ultra
1130 2861 1232 2926 aciem
1254 2859 1319 2926 exi-

225 2978 256 3028 31
277 2966 450 3048 gebantnr:
476 2986 547 3030 oum
574 2967 682 3046 Porus,
707 2966 878 3031 destitutus
908 2985 928 3028 a
950 2964 1101 3050 pluribus,
1132 2965 1196 3030 tela
1218 2964 1321 3028 multa

275 3076 348 3135 ante
371 3075 559 3156 praeparata
582 3070 613 3134 in
643 3069 849 3135 circumfusos
873 3091 912 3136 ex
936 3068 1105 3154 elephanto
1128 3089 1186 3134 suo
1213 3068 1320 3152 eoepit

275 3173 422 3256 ingerere
449 3173 619 3256 multisque
650 3173 772 3239 eminus
795 3173 980 3255 vulneratis,
1000 3172 1163 3258 expositus
1185 3173 1255 3258 ipse
1278 3172 1321 3237 ad

225 3292 258 3340 32
277 3278 368 3360 ictus,
382 3279 523 3361 undique
545 3280 721 3363 petebatur.
747 3277 871 3344 Novem
894 3278 957 3343 iam
972 3279 1105 3344 vulnera
1126 3275 1200 3342 hinc
1219 3283 1319 3360 tergo,

277 3382 366 3446 illine
389 3389 516 3467 pectore
540 3389 709 3468 exceperat
731 3383 892 3465 multoque
922 3381 1077 3465 sanguine
1106 3380 1235 3466 profuso
1257 3381 1323 3444 lan-

278 3485 385 3569 guidis
401 3485 545 3552 manibus
560 3486 665 3570 magis
680 3488 791 3571 elapsa
813 3506 908 3569 quam
923 3505 1058 3551 excussa
1077 3485 1143 3551 tela
1164 3483 1319 3550 mittebat

226 3603 259 3652 33
277 3589 347 3655 Nec
375 3590 506 3673 segnius
543 3591 649 3671 belua,
672 3589 821 3656 instincta
843 3589 942 3671 rabie,
965 3589 1104 3654 nondum
1135 3588 1254 3669 saucia,
1277 3587 1321 3652 in·

278 3693 454 3760 vehebatur
488 3693 660 3778 ordinibus,
695 3693 797 3759 donee
826 3700 929 3758 rector
967 3693 1079 3759 beluae
1110 3711 1220 3775 regem
1250 3685 1321 3757 cori-

280 3797 384 3882 spexit
418 3797 585 3863 fluentibus
619 3798 768 3863 membris
801 3796 990 3879 omissisque
1023 3796 1118 3862 armis
1148 3796 1202 3861 vix
1236 3819 1321 3864 com-
