3040 4318
252 183 295 248 96
639 183 670 250 o.
690 183 798 238 enarr
816 183 903 237 anm

252 389 355 473 magis
378 389 410 454 in
434 388 658 454 contumeliam
673 388 842 453 Persarum
865 387 1002 454 feminae
1016 385 1178 472 accipiunt
1195 408 1290 471 quam

200 506 234 557 20
252 492 424 558 admovere
453 493 545 556 lanae
575 510 709 580 manus..
741 491 909 571 Nuntiant,
941 491 997 574 qui
1026 491 1110 556 dona
1138 490 1288 572 tulerant,

251 594 374 661 tristem
397 615 467 660 esse
491 594 706 677 Sisigambim,
731 593 893 678 dignaque
915 614 967 659 res
982 602 1015 658 et
1031 594 1236 659 excusatione
1258 601 1291 659 et

252 699 371 765 solacio
401 700 479 765 visa
524 700 598 784 Ipse
628 719 706 781 ergo
736 700 886 785 pervenit
914 699 1052 764 adeam
1082 707 1122 779 et,
1150 695 1290 778 ‘Mater',

252 803 363 885 inquit,
391 803 487 868 ‘hano
517 810 652 883 vestem,
688 824 751 885 qna
780 802 913 869 indutus
942 824 1022 883 sum,
1053 823 1198 869 sororum
1226 823 1290 868 non

252 909 371 974 donum
397 909 508 989 solum,
541 907 599 972 sed
629 908 724 972 etiam
754 928 835 992 opus
863 907 973 972 vides:
1004 908 1103 973 nostri
1133 909 1291 992 decepere

202 1027 233 1077 21
254 1033 306 1077 me
336 1031 451 1081 mores.
498 1011 594 1092 Cave,
630 1012 773 1092 obsecro,
809 1011 842 1077 in
873 1011 1097 1076 contumeliam
1127 1012 1291 1096 acceperis

253 1117 485 1201 ignorationem
508 1137 623 1181 meam.
670 1115 761 1194 Quae
783 1117 830 1181 tui
853 1117 950 1182 moris
981 1137 1052 1182 esse
1083 1117 1228 1200 cognovi,
1257 1125 1291 1182 nt

200 1237 234 1285 22
254 1243 356 1306 spero,
390 1221 518 1286 abunde
552 1228 680 1287 servata
712 1229 795 1286 sunt.
843 1221 917 1286 Scio
952 1220 1038 1305 apud
1071 1242 1131 1287 vos
1164 1221 1229 1287 filio
1257 1222 1291 1286 in

252 1333 425 1410 conspectu
456 1325 565 1390 matris
599 1325 691 1390 nefas
726 1344 797 1391 esse
830 1325 1006 1406 considere,
1041 1326 1104 1390 nisi
1135 1347 1207 1390 oum
1236 1327 1291 1390 illa

251 1431 411 1516 permisit:
443 1431 729 1513 quotienscumque
760 1430 802 1494 ad
831 1437 864 1494 te
895 1430 978 1511 veui,
1010 1429 1120 1511 donec,
1153 1438 1188 1494 nt
1218 1452 1292 1495 con-

251 1537 401 1616 siderem,
436 1557 602 1618 annueres,
638 1537 749 1602 restiti.
808 1537 1027 1602 Procumbens
1059 1537 1206 1602 venerari
1240 1559 1291 1602 me

251 1663 348 1728 saepe
378 1641 523 1707 voluisti:
558 1641 692 1706 inhibui.
739 1641 953 1706 Dulcissimae
983 1642 1077 1706 matri
1106 1641 1290 1726 Olympiadi

251 1766 368 1812 nomen
391 1745 534 1811 debitum
557 1745 614 1810 tibi
637 1745 756 1810 reddo?

712 1935 777 1989 Gar.
795 1936 844 1988 111.

219 2069 231 2117 1
357 2057 504 2140 Mitigato
528 2055 632 2120 animo
663 2054 732 2120 eius
761 2073 819 2118 rex
850 2054 970 2137 quartis
1001 2054 1113 2119 castris
1143 2055 1289 2140 pervenit
1304 2053 1341 2122 10

253 2161 295 2228 ad
322 2161 446 2244 Tigrim
468 2159 616 2224 fluvium:
662 2158 846 2242 Pasitigrim
876 2158 1000 2224 incolae
1030 2161 1162 2224 vocant:
1195 2159 1294 2225 oritur

253 2267 286 2332 in
309 2266 470 2332 montibus
494 2264 650 2330 Uxiorum
673 2269 704 2328 et
728 2282 786 2347 per
811 2272 834 2324 L
861 2262 964 2327 stadia
994 2262 1194 2328 silvestribus
1216 2263 1294 2347 ripis

220 2383 236 2432 2
255 2389 410 2455 praeceps
433 2369 515 2433 inter
537 2387 616 2433 saxa
639 2365 827 2432 devolvitur.
873 2363 1044 2450 Accipiunt
1075 2365 1193 2432 deinde
1223 2387 1294 2431 eum

255 2474 367 2559 campi,
404 2491 483 2556 quos
514 2470 719 2536 clementiore
749 2470 841 2534 alveo
872 2470 1034 2552 praeterit,
1069 2470 1133 2534 iam
1162 2471 1294 2536 navium

253 2577 387 2662 patiens.
429 2583 576 2641 Desunt
607 2573 711 2640 stadia
740 2573 894 2639 mollioris
923 2575 999 2640 soli:
1022 2595 1081 2661 per
1111 2575 1199 2658 quod
1229 2575 1294 2641 leni

219 2696 234 2746 3
252 2687 354 2746 tractu
377 2701 530 2764 aquarum
545 2679 674 2744 Persico
697 2677 776 2742 mari
793 2697 827 2742 se
843 2677 989 2743 insinuat.
1025 2678 1128 2744 Amne
1144 2687 1293 2764 superato

254 2805 325 2849 cnm
356 2793 434 2846 VIIII
461 2783 587 2848 milibus
616 2781 761 2866 peditum
792 2788 823 2846 et
853 2780 1005 2864 Agrianis
1040 2782 1291 2866 sagittariisque,

254 2887 448 2954 Graecorum
471 2885 762 2951 mercennariorum
784 2885 885 2950 tribus
908 2886 1035 2952 milibus
1053 2885 1181 2967 additis,
1206 2887 1294 2953 mille

254 2991 422 3072 Thracum,
462 2991 495 3054 iu
533 2990 697 3073 regionem
735 2989 893 3054 Uxiorum
929 2990 1083 3074 pervenit.
1144 2991 1294 3056 Finitima

254 3095 344 3161 Susis
368 3101 416 3160 est
439 3101 470 3158 et
493 3095 525 3158 in
554 3094 689 3178 primam
711 3092 878 3158 Persidem
901 3093 1049 3175 excurrit,
1081 3101 1188 3159 artum
1211 3095 1294 3160 inter

219 3215 235 3263 4
254 3220 288 3266 se
312 3206 342 3264 et
362 3198 514 3265 Susianos
536 3197 658 3263 aditum
681 3199 872 3281 relinquens.
908 3197 1053 3264 Medates
1070 3205 1138 3263 erat
1153 3199 1294 3281 regionis

253 3301 441 3388 praefectus,
474 3301 560 3366 haud
591 3320 669 3366 sane
699 3308 878 3386 temporum
908 3302 1010 3386 homo,
1042 3302 1160 3387 quippe
1183 3303 1294 3368 ultima

220 3423 310 3492 tpro
335 3405 398 3472 fide
421 3406 559 3490 experiri
583 3405 779 3472 decreverat.
826 3404 891 3470 Sed
913 3406 1007 3490 periti
1036 3407 1178 3471 locorum
1200 3406 1291 3472 Alex-

255 3511 389 3577 andrum
405 3511 528 3592 docent,
553 3512 712 3576 occnltnm
735 3507 796 3576 iter
811 3531 881 3577 esse
905 3533 962 3596 per
978 3513 1076 3577 calles
1091 3519 1123 3576 et
1145 3531 1293 3578 aversum

255 3618 296 3682 ab
319 3616 414 3680 urbe:
439 3615 464 3680 si
488 3634 607 3699 paucos
623 3615 763 3680 misisset
778 3615 890 3680 leviter
905 3622 1053 3700 armatos,
1076 3636 1172 3701 super
1188 3616 1294 3700 capita

224 3717 397 3784 ohostium
434 3738 593 3783 evasuros.
654 3718 733 3782 Cum
771 3718 937 3784 consilium
981 3719 1161 3802 placuisset,
1207 3719 1293 3783 idem

257 3823 407 3888 itinerum
429 3823 555 3888 fuerunt
578 3822 685 3887 duces.
730 3832 760 3885 M
786 3830 817 3888 et
846 3834 870 3886 D
901 3823 1049 3888 mercede
1080 3823 1230 3888 conducti
1262 3830 1293 3888 et
