2970 4322
240 227 490 284 HISTORIARUM
507 229 722 284 ALEXANDRI
739 230 818 284 VIIII
835 234 860 283 4.
1008 231 1071 296 259

118 435 202 500 armis
229 441 324 518 erant,
351 443 477 522 praeter
508 437 566 502 hos
597 437 738 521 equitum
768 448 792 500 X
816 437 904 502 milia
934 459 1071 521 nongen-

104 561 166 622 rque
186 539 361 623 quadrigae.
406 540 450 605 At
473 541 675 622 Macedones,
699 541 752 624 qui
783 541 867 607 omni
889 541 1072 608 discrimine
1092 554 1124 604 16

104 643 288 709 cdciirnctos
319 663 353 710 se
377 663 448 710 esse
478 643 687 736 crediderant,
717 652 887 730 postquam
915 645 1072 728 integrum

104 749 164 812 lum
204 769 269 813 cum
314 748 517 814 ferocissimis
555 747 668 814 Indiae
713 747 863 832 gentibus
904 768 1072 834 superesse

104 859 268 934 moverunt,
306 853 478 938 improviso
511 859 597 917 metu
634 851 736 918 territi
766 872 875 918 rursus
913 853 1072 919 seditiosis

104 957 175 1021 uibus
195 977 297 1041 regem
319 957 483 1042 increpare
506 963 694 1042 coeperunt:
725 957 860 1040 Gangen
883 977 1008 1022 amnem
1030 964 1071 1038 et,
1093 971 1124 1021 17

104 1083 127 1125 ue
158 1062 233 1126 ultra
268 1069 384 1141 essent,
422 1068 566 1128 coactum
603 1061 826 1142 transmittere,
864 1081 927 1126 non
965 1067 1073 1127 tamen

104 1185 159 1247 sse,
191 1164 245 1231 sed
285 1172 424 1231 mutasse
457 1166 586 1232 bellum.
650 1165 819 1230 Indomitis
854 1165 1003 1249 gentibus
1038 1184 1072 1230 se

104 1276 189 1350 cotos,
211 1277 244 1334 ut
266 1270 421 1354 sanguine
444 1289 501 1335 suo
524 1269 683 1355 aperirent
706 1269 736 1334 ei
759 1268 929 1335 Oceanum.
974 1269 1071 1334 Trahi
1093 1282 1125 1333 18

104 1394 134 1438 ra
160 1374 262 1438 sidera
291 1381 323 1440 et
353 1373 452 1440 solem
482 1375 617 1456 cogique
647 1373 745 1455 adire,
781 1394 862 1457 quae
892 1372 1073 1438 mortalium

104 1477 141 1542 lis
162 1485 270 1544 natura
300 1478 494 1544 subduxerit.
521 1477 624 1544 Novis
646 1478 824 1543 identidem
854 1478 949 1542 armis
972 1496 1073 1543 novos

104 1589 147 1647 tes
181 1582 323 1648 existere.
387 1579 474 1658 Quos
508 1589 542 1647 ut
576 1600 686 1647 omnes
719 1582 854 1647 fundant
888 1582 1071 1665 fugantque,

105 1686 125 1750 d
146 1687 315 1770 praemium
337 1687 425 1772 ipsos
447 1687 599 1752 manere?
623 1682 796 1770 caliginem
811 1707 849 1752 ac
871 1686 1020 1751 tenebras
1042 1693 1074 1750 et

104 1796 221 1874 cetuam
243 1798 368 1856 noctem
391 1790 550 1876 profirndc
579 1789 783 1856 incubantem
805 1789 894 1870 mari,
918 1789 1074 1874 repletum

104 1891 219 1958 lanium
242 1895 405 1960 beluarum
429 1894 580 1979 gregibus
610 1895 735 1976 fretum,
758 1894 936 1959 immobiles
958 1893 1073 1975 undas,

104 1997 205 2080 quibus
228 1999 383 2064 emoriens
406 2005 519 2064 natura
541 1997 703 2064 defecerit.

121 2102 198 2182 Rex,
212 2123 275 2168 non
297 2122 365 2184 sua,
390 2104 447 2169 scd
470 2103 606 2168 militum
629 2101 844 2168 sollicitudine
867 2102 991 2180 anxius,
1004 2121 1075 2166 con·
1094 2115 1126 2165 19

104 2227 119 2270 e
141 2205 301 2272 advocata
327 2207 420 2272 docet
442 2207 588 2274 imbelles
611 2226 691 2288 esse,
709 2226 789 2290 quos
811 2213 960 2272 metuant.
985 2205 1075 2269 Nihil

104 2311 149 2376 de
179 2318 308 2396 praeter
330 2311 389 2376 has
419 2318 531 2394 gentes
558 2312 696 2391 obstare,
728 2310 896 2393 quominus
918 2317 1075 2376 terrarum

104 2414 136 2478 ia
163 2415 285 2480 emensi
308 2414 351 2479 ad
372 2415 466 2479 finem
489 2415 581 2479 simul
604 2414 713 2479 mundi
736 2414 943 2497 laborumque
965 2434 1076 2500 perue-

104 2525 126 2582 t.
176 2517 322 2603 Oessissc
352 2542 382 2584 sc
412 2519 477 2586 illis
507 2519 720 2584 metuentibus
746 2518 881 2601 Gangen
912 2525 943 2584 et
973 2518 1074 2582 multi·
1093 2532 1127 2581 20

104 2641 173 2685 cem
196 2621 373 2703 nationum,
397 2643 479 2705 quae
501 2622 584 2686 ultra
603 2642 729 2687 amnem
751 2628 873 2688 essent:
898 2621 1075 2687 declinasse

104 2745 152 2806 eo,
177 2726 235 2790 ubi
251 2747 310 2810 par
332 2727 443 2809 gloria,
460 2726 562 2791 minus
585 2726 759 2811 periculum
775 2733 868 2791 essct.
913 2724 983 2790 Iam
1005 2746 1073 2810 pro·
1093 2740 1124 2788 21

104 2849 150 2894 ure
174 2849 211 2894 se
235 2829 407 2911 Oceanum,
424 2831 488 2894 iam
510 2829 646 2915 perflare
665 2831 707 2895 ad
730 2830 945 2914 ipsos‘auram
967 2831 1072 2895 maris.

104 2932 295 2998 inviderent
318 2933 378 2999 sibi
407 2934 544 3016 laudem,
574 2955 668 3018 quam
697 2941 827 3018 peteret.
857 2934 1020 2998 Herculis
1043 2941 1075 2998 et

104 3035 130 3099 ri
155 3037 266 3102 Patris
297 3037 447 3103 terminos
478 3037 663 3103 transituros
686 3039 769 3119 illos,
800 3038 867 3122 regi
890 3057 948 3103 suo
974 3058 1075 3122 parvo

104 3139 191 3205 mdio
220 3141 495 3206 immortalitatem
517 3143 622 3207 famae
645 3141 785 3208 daturos.
828 3143 1017 3208 Paterentur
1040 3161 1074 3206 se

104 3243 186 3308 ndia
210 3244 328 3326 redire,
352 3263 416 3309 non
438 3245 559 3329 fugere.

106 3346 229 3413 Omnis
253 3349 422 3413 multitudo
446 3355 478 3414 et
500 3349 637 3414 maxime
653 3349 800 3414 militaris
822 3350 932 3414 mobili
955 3349 1076 3433 impetu
1094 3363 1127 3412 22

104 3457 172 3515 tur:
219 3452 270 3516 ita
307 3452 472 3518 seditionis
509 3473 573 3518 non
608 3453 749 3520 remedia
787 3474 882 3536 quam
919 3453 1077 3539 principia

104 3576 143 3618 ra
169 3560 261 3620 sunt.
308 3555 383 3620 Non
405 3556 486 3621 alias
508 3564 574 3622 tam
596 3558 703 3623 alacer
732 3559 850 3623 clamor
872 3559 912 3623 ab
936 3558 1077 3624 exercitu
1095 3570 1128 3620 23

105 3657 258 3740 edditus,
274 3659 457 3741 iubentium,
475 3660 605 3726 duceret
628 3660 678 3726 dis
694 3661 841 3727 secundis
862 3669 1077 3744 aequaretque

104 3782 131 3842 a,
170 3781 260 3844 quos
292 3763 513 3830 aemularetur.
561 3766 677 3831 Laetus
712 3765 762 3830 his
796 3765 1077 3831 acclamationibus

104 3871 201 3931 ostes
227 3866 376 3950 protinus
400 3874 505 3933 castra
527 3869 635 3934 movit.
685 3867 905 3934 Validissimae
927 3867 1077 3933 Indorum
1096 3880 1129 3930 24

926 3991 974 4042 17*
