<?xml version="1.0" encoding="UTF-8"?>
<!DOCTYPE html PUBLIC "-//W3C//DTD XHTML 1.0 Transitional//EN"
    "http://www.w3.org/TR/xhtml1/DTD/xhtml1-transitional.dtd">
<html xmlns="http://www.w3.org/1999/xhtml" xml:lang="en" lang="en">
 <head>
  <title>
</title>
<meta http-equiv="Content-Type" content="text/html;charset=utf-8" />
  <meta name='ocr-system' content='tesseract 3.04.00' />
  <meta name='ocr-capabilities' content='ocr_page ocr_carea ocr_par ocr_line ocrx_word'/>
</head>
<body>
  <div class='ocr_page' id='page_1' title='image "./qcurtirufihisto00stangoog_0218.png"; bbox 0 0 2976 4322; ppageno 0'>
   <div class='ocr_carea' id='block_1_1' title="bbox 346 223 1216 288">
    <p class='ocr_par' dir='ltr' id='par_1_1' title="bbox 346 223 1216 288">
     <span class='ocr_line' id='line_1_1' title="bbox 346 223 1216 288; baseline 0.005 -4"><span class='ocrx_word' id='word_1_1' title='bbox 346 229 601 284; x_wconf 89' lang='lat' dir='ltr'><strong>HISTORIARUM</strong></span> <span class='ocrx_word' id='word_1_2' title='bbox 618 228 832 282; x_wconf 85' lang='lat' dir='ltr'><strong>ALEXANDRI</strong></span> <span class='ocrx_word' id='word_1_3' title='bbox 851 228 904 280; x_wconf 90' lang='lat' dir='ltr'><strong>VII</strong></span> <span class='ocrx_word' id='word_1_4' title='bbox 922 228 946 280; x_wconf 82' lang='grc'><strong>5.</strong></span> <span class='ocrx_word' id='word_1_5' title='bbox 966 230 990 281; x_wconf 90' lang='grc'><strong>6.</strong></span> <span class='ocrx_word' id='word_1_6' title='bbox 1154 223 1216 288; x_wconf 80' lang='grc'><strong>185</strong></span> 
     </span>
    </p>
   </div>
   <div class='ocr_carea' id='block_1_2' title="bbox 128 428 1277 3960">
    <p class='ocr_par' dir='ltr' id='par_1_2' title="bbox 177 428 1263 1039">
     <span class='ocr_line' id='line_1_2' title="bbox 178 428 1216 520; baseline -0.004 -18"><span class='ocrx_word' id='word_1_7' title='bbox 178 436 315 502; x_wconf 91' lang='lat' dir='ltr'><strong>muneris</strong></span> <span class='ocrx_word' id='word_1_8' title='bbox 338 434 372 500; x_wconf 94' lang='lat' dir='ltr'><strong>id</strong></span> <span class='ocrx_word' id='word_1_9' title='bbox 395 455 466 502; x_wconf 89' lang='lat' dir='ltr'><strong>esse</strong></span> <span class='ocrx_word' id='word_1_10' title='bbox 489 437 678 501; x_wconf 77' lang='lat' dir='ltr'><strong>censebant:</strong></span> <span class='ocrx_word' id='word_1_11' title='bbox 705 434 831 520; x_wconf 81' lang='lat' dir='ltr'>pedites</span> <span class='ocrx_word' id='word_1_12' title='bbox 854 428 972 515; x_wconf 88' lang='lat' dir='ltr'><strong>contra,</strong></span> <span class='ocrx_word' id='word_1_13' title='bbox 997 455 1069 499; x_wconf 89' lang='lat' dir='ltr'><strong>curn</strong></span> <span class='ocrx_word' id='word_1_14' title='bbox 1091 432 1216 498; x_wconf 91' lang='lat' dir='ltr'><strong>saucios</strong></span> 
     </span>
     <span class='ocr_line' id='line_1_3' title="bbox 178 537 1263 625; baseline -0.005 -20"><span class='ocrx_word' id='word_1_15' title='bbox 178 541 405 606; x_wconf 78' lang='lat' dir='ltr'><strong>commilitones</strong></span> <span class='ocrx_word' id='word_1_16' title='bbox 442 540 504 625; x_wconf 92' lang='lat' dir='ltr'><strong>ipsi</strong></span> <span class='ocrx_word' id='word_1_17' title='bbox 534 547 661 623; x_wconf 88' lang='lat' dir='ltr'><strong>gestare</strong></span> <span class='ocrx_word' id='word_1_18' title='bbox 691 539 915 619; x_wconf 89' lang='lat' dir='ltr'><strong>assuevissent,</strong></span> <span class='ocrx_word' id='word_1_19' title='bbox 950 539 1029 623; x_wconf 92' lang='lat' dir='ltr'><strong>eripi</strong></span> <span class='ocrx_word' id='word_1_20' title='bbox 1059 537 1119 603; x_wconf 89' lang='lat' dir='ltr'><strong>sibi</strong></span> <span class='ocrx_word' id='word_1_21' title='bbox 1148 557 1216 622; x_wconf 88' lang='lat' dir='ltr'><strong>pro</strong></span> <span class='ocrx_word' id='word_1_22' title='bbox 1260 549 1263 554; x_wconf 86' lang='lat'>&#39;</span> 
     </span>
     <span class='ocr_line' id='line_1_4' title="bbox 178 641 1216 730; baseline -0.004 -22"><span class='ocrx_word' id='word_1_23' title='bbox 178 645 280 730; x_wconf 89' lang='lat' dir='ltr'><strong>prium</strong></span> <span class='ocrx_word' id='word_1_24' title='bbox 303 643 442 709; x_wconf 84' lang='lat' dir='ltr'><strong>officium</strong></span> <span class='ocrx_word' id='word_1_25' title='bbox 460 650 527 708; x_wconf 91' lang='lat' dir='ltr'><strong>tum</strong></span> <span class='ocrx_word' id='word_1_26' title='bbox 542 643 747 727; x_wconf 91' lang='lat' dir='ltr'><strong>potissimum,</strong></span> <span class='ocrx_word' id='word_1_27' title='bbox 772 664 844 708; x_wconf 93' lang='lat' dir='ltr'><strong>cum</strong></span> <span class='ocrx_word' id='word_1_28' title='bbox 859 663 916 709; x_wconf 92' lang='lat' dir='ltr'><strong>rex</strong></span> <span class='ocrx_word' id='word_1_29' title='bbox 932 641 1106 726; x_wconf 89' lang='lat' dir='ltr'><strong>gestandus</strong></span> <span class='ocrx_word' id='word_1_30' title='bbox 1123 647 1216 722; x_wconf 91' lang='lat' dir='ltr'><strong>esset,</strong></span> 
     </span>
     <span class='ocr_line' id='line_1_5' title="bbox 177 745 1253 832; baseline -0.006 -19"><span class='ocrx_word' id='word_1_31' title='bbox 177 749 401 831; x_wconf 79' lang='lat' dir='ltr'><strong>querebantur.</strong></span> <span class='ocrx_word' id='word_1_32' title='bbox 448 747 527 829; x_wconf 86' lang='lat' dir='ltr'><strong>Rex,</strong></span> <span class='ocrx_word' id='word_1_33' title='bbox 551 748 692 812; x_wconf 91' lang='lat' dir='ltr'><strong>intanto</strong></span> <span class='ocrx_word' id='word_1_34' title='bbox 722 748 885 830; x_wconf 90' lang='lat' dir='ltr'><strong>utriusque</strong></span> <span class='ocrx_word' id='word_1_35' title='bbox 915 747 1016 832; x_wconf 92' lang='lat' dir='ltr'><strong>partis</strong></span> <span class='ocrx_word' id='word_1_36' title='bbox 1046 745 1253 811; x_wconf 81' lang='lat' dir='ltr'><strong>certaminee</strong></span> 
     </span>
     <span class='ocr_line' id='line_1_6' title="bbox 179 850 1218 938; baseline -0.005 -20"><span class='ocrx_word' id='word_1_37' title='bbox 179 861 211 918; x_wconf 93' lang='lat' dir='ltr'><strong>et</strong></span> <span class='ocrx_word' id='word_1_38' title='bbox 226 853 286 918; x_wconf 91' lang='lat' dir='ltr'><strong>sibi</strong></span> <span class='ocrx_word' id='word_1_39' title='bbox 302 852 466 918; x_wconf 82' lang='lat' dir='ltr'><strong>difficilem</strong></span> <span class='ocrx_word' id='word_1_40' title='bbox 482 858 513 917; x_wconf 89' lang='lat' dir='ltr'><strong>et</strong></span> <span class='ocrx_word' id='word_1_41' title='bbox 529 852 709 938; x_wconf 91' lang='lat' dir='ltr'><strong>praeteritis</strong></span> <span class='ocrx_word' id='word_1_42' title='bbox 725 873 858 935; x_wconf 82' lang='lat' dir='ltr'><strong>gravem</strong></span> <span class='ocrx_word' id='word_1_43' title='bbox 873 852 1064 918; x_wconf 82' lang='lat' dir='ltr'><strong>electionem</strong></span> <span class='ocrx_word' id='word_1_44' title='bbox 1079 850 1218 915; x_wconf 83' lang='lat' dir='ltr'><strong>suturam</strong></span> 
     </span>
     <span class='ocr_line' id='line_1_7' title="bbox 178 957 765 1039; baseline -0.002 -16"><span class='ocrx_word' id='word_1_45' title='bbox 178 966 276 1039; x_wconf 89' lang='lat' dir='ltr'><strong>ratus,</strong></span> <span class='ocrx_word' id='word_1_46' title='bbox 299 957 435 1022; x_wconf 90' lang='lat' dir='ltr'><strong>invicem</strong></span> <span class='ocrx_word' id='word_1_47' title='bbox 458 957 563 1022; x_wconf 90' lang='lat' dir='ltr'><strong>subire</strong></span> <span class='ocrx_word' id='word_1_48' title='bbox 587 975 642 1022; x_wconf 91' lang='lat' dir='ltr'><strong>eos</strong></span> <span class='ocrx_word' id='word_1_49' title='bbox 665 957 765 1022; x_wconf 89' lang='lat' dir='ltr'><strong>iussit.</strong></span> 
     </span>
    </p>

    <p class='ocr_par' dir='ltr' id='par_1_3' title="bbox 128 1059 1272 1460">
     <span class='ocr_line' id='line_1_8' title="bbox 128 1059 1272 1146; baseline -0.007 -15"><span class='ocrx_word' id='word_1_50' title='bbox 128 1059 170 1131; x_wconf 78' lang='lat'><strong>26</strong></span> <span class='ocrx_word' id='word_1_51' title='bbox 286 1063 369 1127; x_wconf 90' lang='lat' dir='ltr'><strong>Hinc</strong></span> <span class='ocrx_word' id='word_1_52' title='bbox 393 1069 504 1144; x_wconf 90' lang='lat' dir='ltr'><strong>quarto</strong></span> <span class='ocrx_word' id='word_1_53' title='bbox 528 1061 579 1127; x_wconf 90' lang='lat' dir='ltr'><strong>die</strong></span> <span class='ocrx_word' id='word_1_54' title='bbox 610 1061 652 1126; x_wconf 92' lang='lat' dir='ltr'><strong>ad</strong></span> <span class='ocrx_word' id='word_1_55' title='bbox 681 1062 791 1126; x_wconf 91' lang='lat' dir='ltr'><strong>urbem</strong></span> <span class='ocrx_word' id='word_1_56' title='bbox 814 1061 1010 1127; x_wconf 83' lang='lat' dir='ltr'><strong>Maracanda</strong></span> <span class='ocrx_word' id='word_1_57' title='bbox 1032 1066 1219 1146; x_wconf 91' lang='lat' dir='ltr'><strong>perventum</strong></span> <span class='ocrx_word' id='word_1_58' title='bbox 1238 1068 1272 1118; x_wconf 91' lang='lat'><strong>10</strong></span> 
     </span>
     <span class='ocr_line' id='line_1_9' title="bbox 180 1166 1218 1251; baseline -0.005 -17"><span class='ocrx_word' id='word_1_59' title='bbox 180 1174 228 1234; x_wconf 94' lang='lat' dir='ltr'><strong>est</strong></span> <span class='ocrx_word' id='word_1_60' title='bbox 252 1205 293 1214; x_wconf 98' lang='lat'><em>-</em></span> <span class='ocrx_word' id='word_1_61' title='bbox 314 1175 388 1230; x_wconf 84' lang='lat' dir='ltr'><strong>Lxx</strong></span> <span class='ocrx_word' id='word_1_62' title='bbox 407 1166 513 1232; x_wconf 85' lang='lat' dir='ltr'><strong>stadia</strong></span> <span class='ocrx_word' id='word_1_63' title='bbox 526 1186 632 1231; x_wconf 90' lang='lat' dir='ltr'><strong>murus</strong></span> <span class='ocrx_word' id='word_1_64' title='bbox 655 1167 741 1232; x_wconf 91' lang='lat' dir='ltr'><strong>urbis</strong></span> <span class='ocrx_word' id='word_1_65' title='bbox 761 1167 979 1251; x_wconf 87' lang='lat' dir='ltr'><strong>amplectitur:</strong></span> <span class='ocrx_word' id='word_1_66' title='bbox 996 1187 1054 1232; x_wconf 93' lang='lat' dir='ltr'><strong>arx</strong></span> <span class='ocrx_word' id='word_1_67' title='bbox 1068 1167 1158 1232; x_wconf 79' lang='lat' dir='ltr'><strong>laiac.</strong></span> <span class='ocrx_word' id='word_1_68' title='bbox 1173 1215 1180 1230; x_wconf 98' lang='lat'><strong>.</strong></span> <span class='ocrx_word' id='word_1_69' title='bbox 1195 1216 1218 1246; x_wconf 93' lang='lat'><strong>.,</strong></span> 
     </span>
     <span class='ocr_line' id='line_1_10' title="bbox 179 1271 1219 1356; baseline -0.001 -21"><span class='ocrx_word' id='word_1_70' title='bbox 179 1272 265 1337; x_wconf 92' lang='lat' dir='ltr'><strong>illinc</strong></span> <span class='ocrx_word' id='word_1_71' title='bbox 296 1271 434 1355; x_wconf 91' lang='lat' dir='ltr'><strong>cingitur</strong></span> <span class='ocrx_word' id='word_1_72' title='bbox 463 1291 552 1336; x_wconf 93' lang='lat' dir='ltr'><strong>muro</strong></span> <span class='ocrx_word' id='word_1_73' title='bbox 578 1292 679 1336; x_wconf 88' lang='lat' dir='ltr'><strong>-ac</strong></span> <span class='ocrx_word' id='word_1_74' title='bbox 709 1271 869 1355; x_wconf 89' lang='lat' dir='ltr'><strong>praesidio</strong></span> <span class='ocrx_word' id='word_1_75' title='bbox 898 1272 984 1342; x_wconf 90' lang='lat' dir='ltr'><strong>urbis</strong></span> <span class='ocrx_word' id='word_1_76' title='bbox 1013 1271 1125 1337; x_wconf 92' lang='lat' dir='ltr'><strong>relicto</strong></span> <span class='ocrx_word' id='word_1_77' title='bbox 1151 1289 1219 1356; x_wconf 91' lang='lat' dir='ltr'><strong>pro-</strong></span> 
     </span>
     <span class='ocr_line' id='line_1_11' title="bbox 179 1375 836 1460; baseline 0 -20"><span class='ocrx_word' id='word_1_78' title='bbox 179 1376 282 1441; x_wconf 91' lang='lat' dir='ltr'><strong>ximos</strong></span> <span class='ocrx_word' id='word_1_79' title='bbox 305 1375 393 1441; x_wconf 90' lang='lat' dir='ltr'><strong>vicos</strong></span> <span class='ocrx_word' id='word_1_80' title='bbox 416 1375 626 1460; x_wconf 87' lang='lat' dir='ltr'><strong>depopulatur</strong></span> <span class='ocrx_word' id='word_1_81' title='bbox 648 1382 744 1458; x_wconf 90' lang='lat' dir='ltr'><strong>atque</strong></span> <span class='ocrx_word' id='word_1_82' title='bbox 766 1376 836 1440; x_wconf 89' lang='lat' dir='ltr'><strong>urit.</strong></span> 
     </span>
    </p>

    <p class='ocr_par' dir='ltr' id='par_1_4' title="bbox 179 1479 1277 3960">
     <span class='ocr_line' id='line_1_12' title="bbox 284 1479 1269 1566; baseline -0.005 -22"><span class='ocrx_word' id='word_1_83' title='bbox 284 1479 399 1563; x_wconf 82' lang='lat' dir='ltr'><strong>Legati</strong></span> <span class='ocrx_word' id='word_1_84' title='bbox 431 1479 547 1546; x_wconf 90' lang='lat' dir='ltr'><strong>deinde</strong></span> <span class='ocrx_word' id='word_1_85' title='bbox 578 1479 732 1545; x_wconf 83' lang='lat' dir='ltr'><strong>Abiorum</strong></span> <span class='ocrx_word' id='word_1_86' title='bbox 763 1480 954 1565; x_wconf 82' lang='lat' dir='ltr'><strong>Scytharum</strong></span> <span class='ocrx_word' id='word_1_87' title='bbox 985 1480 1218 1566; x_wconf 88' lang='lat' dir='ltr'><strong>superveniunt,</strong></span> <span class='ocrx_word' id='word_1_88' title='bbox 1240 1489 1269 1540; x_wconf 89' lang='lat'><strong>11</strong></span> 
     </span>
     <span class='ocr_line' id='line_1_13' title="bbox 179 1582 1220 1670; baseline 0.001 -22"><span class='ocrx_word' id='word_1_89' title='bbox 179 1584 279 1665; x_wconf 90' lang='lat' dir='ltr'><strong>liberi,</strong></span> <span class='ocrx_word' id='word_1_90' title='bbox 311 1605 352 1648; x_wconf 87' lang='lat' dir='ltr'><strong>ex</strong></span> <span class='ocrx_word' id='word_1_91' title='bbox 383 1604 445 1667; x_wconf 91' lang='lat' dir='ltr'><strong>quo</strong></span> <span class='ocrx_word' id='word_1_92' title='bbox 469 1583 651 1649; x_wconf 83' lang='lat' dir='ltr'><strong>decesserat</strong></span> <span class='ocrx_word' id='word_1_93' title='bbox 674 1582 784 1669; x_wconf 82' lang='lat' dir='ltr'><strong>Cyrus,</strong></span> <span class='ocrx_word' id='word_1_94' title='bbox 816 1591 883 1650; x_wconf 93' lang='lat' dir='ltr'><strong>tum</strong></span> <span class='ocrx_word' id='word_1_95' title='bbox 912 1585 1067 1670; x_wconf 91' lang='lat' dir='ltr'><strong>imperata</strong></span> <span class='ocrx_word' id='word_1_96' title='bbox 1097 1583 1220 1649; x_wconf 87' lang='lat' dir='ltr'><strong>facturi.</strong></span> 
     </span>
     <span class='ocr_line' id='line_1_14' title="bbox 181 1689 1219 1770; baseline 0.001 -17"><span class='ocrx_word' id='word_1_97' title='bbox 181 1689 375 1753; x_wconf 88' lang='lat' dir='ltr'><strong>Iustissimos</strong></span> <span class='ocrx_word' id='word_1_98' title='bbox 412 1689 618 1753; x_wconf 89' lang='lat' dir='ltr'><strong>barbarorum</strong></span> <span class='ocrx_word' id='word_1_99' title='bbox 656 1690 840 1754; x_wconf 86' lang='lat' dir='ltr'><strong>constabat:</strong></span> <span class='ocrx_word' id='word_1_100' title='bbox 882 1690 977 1755; x_wconf 91' lang='lat' dir='ltr'><strong>armis</strong></span> <span class='ocrx_word' id='word_1_101' title='bbox 1008 1690 1219 1770; x_wconf 88' lang='lat' dir='ltr'><strong>abstinebant,</strong></span> 
     </span>
     <span class='ocr_line' id='line_1_15' title="bbox 181 1791 1223 1878; baseline 0 -22"><span class='ocrx_word' id='word_1_102' title='bbox 181 1791 241 1857; x_wconf 92' lang='lat' dir='ltr'><strong>nisi</strong></span> <span class='ocrx_word' id='word_1_103' title='bbox 275 1792 432 1857; x_wconf 92' lang='lat' dir='ltr'><strong>lacessiti:</strong></span> <span class='ocrx_word' id='word_1_104' title='bbox 467 1793 624 1858; x_wconf 88' lang='lat' dir='ltr'><strong>libertatis</strong></span> <span class='ocrx_word' id='word_1_105' title='bbox 658 1793 784 1859; x_wconf 87' lang='lat' dir='ltr'><strong>modico</strong></span> <span class='ocrx_word' id='word_1_106' title='bbox 820 1801 852 1859; x_wconf 89' lang='lat' dir='ltr'><strong>et</strong></span> <span class='ocrx_word' id='word_1_107' title='bbox 887 1795 1015 1876; x_wconf 91' lang='lat' dir='ltr'><strong>aequali</strong></span> <span class='ocrx_word' id='word_1_108' title='bbox 1049 1815 1107 1858; x_wconf 91' lang='lat' dir='ltr'><strong>usu</strong></span> <span class='ocrx_word' id='word_1_109' title='bbox 1141 1794 1223 1878; x_wconf 89' lang='lat' dir='ltr'><strong>prin-</strong></span> 
     </span>
     <span class='ocr_line' id='line_1_16' title="bbox 182 1896 1273 1983; baseline 0 -21"><span class='ocrx_word' id='word_1_110' title='bbox 182 1896 305 1983; x_wconf 90' lang='lat' dir='ltr'><strong>cipibus</strong></span> <span class='ocrx_word' id='word_1_111' title='bbox 338 1897 521 1962; x_wconf 91' lang='lat' dir='ltr'><strong>humiliores</strong></span> <span class='ocrx_word' id='word_1_112' title='bbox 553 1918 646 1982; x_wconf 90' lang='lat' dir='ltr'><strong>pares</strong></span> <span class='ocrx_word' id='word_1_113' title='bbox 677 1897 829 1964; x_wconf 89' lang='lat' dir='ltr'><strong>fecerant.</strong></span> <span class='ocrx_word' id='word_1_114' title='bbox 876 1899 944 1963; x_wconf 94' lang='lat' dir='ltr'><strong>Hos</strong></span> <span class='ocrx_word' id='word_1_115' title='bbox 979 1899 1117 1982; x_wconf 87' lang='lat' dir='ltr'><strong>benigne</strong></span> <span class='ocrx_word' id='word_1_116' title='bbox 1147 1899 1222 1962; x_wconf 89' lang='lat' dir='ltr'><strong>allo·</strong></span> <span class='ocrx_word' id='word_1_117' title='bbox 1241 1905 1273 1955; x_wconf 88' lang='lat'><strong>12</strong></span> 
     </span>
     <span class='ocr_line' id='line_1_17' title="bbox 182 1999 1220 2087; baseline 0 -21"><span class='ocrx_word' id='word_1_118' title='bbox 182 2007 272 2066; x_wconf 88' lang='lat' dir='ltr'><strong>cutus</strong></span> <span class='ocrx_word' id='word_1_119' title='bbox 299 2001 342 2065; x_wconf 91' lang='lat' dir='ltr'><strong>ad</strong></span> <span class='ocrx_word' id='word_1_120' title='bbox 372 2021 427 2066; x_wconf 91' lang='lat' dir='ltr'><strong>eos</strong></span> <span class='ocrx_word' id='word_1_121' title='bbox 453 1999 600 2085; x_wconf 87' lang='lat' dir='ltr'><strong>Scythas,</strong></span> <span class='ocrx_word' id='word_1_122' title='bbox 633 2002 686 2084; x_wconf 95' lang='lat' dir='ltr'><strong>qui</strong></span> <span class='ocrx_word' id='word_1_123' title='bbox 709 2001 869 2087; x_wconf 84' lang='lat' dir='ltr'><strong>Europam</strong></span> <span class='ocrx_word' id='word_1_124' title='bbox 900 2003 1051 2084; x_wconf 90' lang='lat' dir='ltr'><strong>incolunt,</strong></span> <span class='ocrx_word' id='word_1_125' title='bbox 1083 2002 1220 2068; x_wconf 88' lang='lat' dir='ltr'><strong>Berdam</strong></span> 
     </span>
     <span class='ocr_line' id='line_1_18' title="bbox 182 2104 1221 2188; baseline 0 -18"><span class='ocrx_word' id='word_1_126' title='bbox 182 2104 342 2187; x_wconf 88' lang='lat' dir='ltr'><strong>quendam</strong></span> <span class='ocrx_word' id='word_1_127' title='bbox 365 2105 450 2170; x_wconf 89' lang='lat' dir='ltr'><strong>misit</strong></span> <span class='ocrx_word' id='word_1_128' title='bbox 473 2125 514 2170; x_wconf 90' lang='lat' dir='ltr'><strong>ex</strong></span> <span class='ocrx_word' id='word_1_129' title='bbox 530 2105 649 2186; x_wconf 90' lang='lat' dir='ltr'><strong>amicis,</strong></span> <span class='ocrx_word' id='word_1_130' title='bbox 674 2106 728 2188; x_wconf 93' lang='lat' dir='ltr'><strong>qui</strong></span> <span class='ocrx_word' id='word_1_131' title='bbox 744 2105 944 2172; x_wconf 90' lang='lat' dir='ltr'><strong>denuntiaret</strong></span> <span class='ocrx_word' id='word_1_132' title='bbox 959 2105 1018 2188; x_wconf 93' lang='lat' dir='ltr'><strong>his,</strong></span> <span class='ocrx_word' id='word_1_133' title='bbox 1042 2127 1082 2172; x_wconf 93' lang='lat' dir='ltr'><strong>ne</strong></span> <span class='ocrx_word' id='word_1_134' title='bbox 1098 2107 1221 2172; x_wconf 83' lang='lat' dir='ltr'><strong>Tanain</strong></span> 
     </span>
     <span class='ocr_line' id='line_1_19' title="bbox 182 2208 1224 2293; baseline 0.001 -20"><span class='ocrx_word' id='word_1_135' title='bbox 182 2229 308 2274; x_wconf 91' lang='lat' dir='ltr'><strong>amnem</strong></span> <span class='ocrx_word' id='word_1_136' title='bbox 330 2208 451 2274; x_wconf 86' lang='lat' dir='ltr'><strong>iniussu</strong></span> <span class='ocrx_word' id='word_1_137' title='bbox 482 2209 567 2293; x_wconf 86' lang='lat' dir='ltr'><strong>regis</strong></span> <span class='ocrx_word' id='word_1_138' title='bbox 596 2210 777 2276; x_wconf 85' lang='lat' dir='ltr'><strong>transirent</strong></span> <span class='ocrx_word' id='word_1_139' title='bbox 824 2209 937 2276; x_wconf 80' lang='lat' dir='ltr'><strong>Eidem</strong></span> <span class='ocrx_word' id='word_1_140' title='bbox 963 2209 1157 2291; x_wconf 89' lang='lat' dir='ltr'><strong>mandatum,</strong></span> <span class='ocrx_word' id='word_1_141' title='bbox 1188 2218 1224 2275; x_wconf 94' lang='lat' dir='ltr'><strong>ut</strong></span> 
     </span>
     <span class='ocr_line' id='line_1_20' title="bbox 183 2312 1221 2399; baseline 0.002 -21"><span class='ocrx_word' id='word_1_142' title='bbox 183 2312 451 2398; x_wconf 87' lang='lat' dir='ltr'><strong>contemplaretur</strong></span> <span class='ocrx_word' id='word_1_143' title='bbox 472 2313 613 2378; x_wconf 91' lang='lat' dir='ltr'><strong>locorum</strong></span> <span class='ocrx_word' id='word_1_144' title='bbox 644 2314 737 2379; x_wconf 90' lang='lat' dir='ltr'><strong>situm</strong></span> <span class='ocrx_word' id='word_1_145' title='bbox 769 2321 801 2380; x_wconf 90' lang='lat' dir='ltr'><strong>et</strong></span> <span class='ocrx_word' id='word_1_146' title='bbox 830 2314 900 2380; x_wconf 91' lang='lat' dir='ltr'><strong>illos</strong></span> <span class='ocrx_word' id='word_1_147' title='bbox 923 2335 1049 2397; x_wconf 89' lang='lat' dir='ltr'><strong>quoqne</strong></span> <span class='ocrx_word' id='word_1_148' title='bbox 1072 2314 1221 2399; x_wconf 89' lang='lat' dir='ltr'><strong>Scythas,</strong></span> 
     </span>
     <span class='ocr_line' id='line_1_21' title="bbox 184 2417 1275 2504; baseline 0 -23"><span class='ocrx_word' id='word_1_149' title='bbox 184 2417 237 2498; x_wconf 92' lang='lat' dir='ltr'><strong>qui</strong></span> <span class='ocrx_word' id='word_1_150' title='bbox 270 2437 366 2504; x_wconf 90' lang='lat' dir='ltr'><strong>super</strong></span> <span class='ocrx_word' id='word_1_151' title='bbox 396 2418 572 2502; x_wconf 88' lang='lat' dir='ltr'><strong>Bosporum</strong></span> <span class='ocrx_word' id='word_1_152' title='bbox 602 2419 718 2500; x_wconf 93' lang='lat' dir='ltr'><strong>colunt,</strong></span> <span class='ocrx_word' id='word_1_153' title='bbox 753 2419 879 2485; x_wconf 89' lang='lat' dir='ltr'><strong>viseret.</strong></span> <span class='ocrx_word' id='word_1_154' title='bbox 928 2418 1124 2484; x_wconf 79' lang='lat' dir='ltr'><strong>Condendae</strong></span> <span class='ocrx_word' id='word_1_155' title='bbox 1154 2420 1275 2485; x_wconf 61' lang='lat' dir='ltr'><strong>urbi=13</strong></span> 
     </span>
     <span class='ocr_line' id='line_1_22' title="bbox 184 2509 1224 2610; baseline 0.004 -25"><span class='ocrx_word' id='word_1_156' title='bbox 184 2509 416 2606; x_wconf 61' lang='lat' dir='ltr'><strong>sedem&#39;super</strong></span> <span class='ocrx_word' id='word_1_157' title='bbox 446 2522 548 2607; x_wconf 87' lang='lat' dir='ltr'><strong>ripam</strong></span> <span class='ocrx_word' id='word_1_158' title='bbox 570 2522 689 2588; x_wconf 81' lang='lat' dir='ltr'><strong>Tanais</strong></span> <span class='ocrx_word' id='word_1_159' title='bbox 720 2523 871 2607; x_wconf 81' lang='lat' dir='ltr'><strong>elegerat,</strong></span> <span class='ocrx_word' id='word_1_160' title='bbox 903 2524 1080 2610; x_wconf 38' lang='lat' dir='ltr'><strong>claustrum,</strong></span> <span class='ocrx_word' id='word_1_161' title='bbox 1103 2531 1135 2588; x_wconf 93' lang='lat' dir='ltr'><strong>et</strong></span> <span class='ocrx_word' id='word_1_162' title='bbox 1161 2524 1224 2589; x_wconf 86' lang='lat' dir='ltr'><strong>iam</strong></span> 
     </span>
     <span class='ocr_line' id='line_1_23' title="bbox 183 2623 1224 2709; baseline 0.002 -21"><span class='ocrx_word' id='word_1_163' title='bbox 183 2623 433 2709; x_wconf 89' lang='lat' dir='ltr'><strong>perdomitorum</strong></span> <span class='ocrx_word' id='word_1_164' title='bbox 469 2632 500 2690; x_wconf 93' lang='lat' dir='ltr'><strong>et</strong></span> <span class='ocrx_word' id='word_1_165' title='bbox 535 2633 612 2707; x_wconf 91' lang='lat' dir='ltr'><strong>quot</strong></span> <span class='ocrx_word' id='word_1_166' title='bbox 646 2625 761 2692; x_wconf 89' lang='lat' dir='ltr'><strong>deinde</strong></span> <span class='ocrx_word' id='word_1_167' title='bbox 796 2627 885 2692; x_wconf 90' lang='lat' dir='ltr'><strong>adire</strong></span> <span class='ocrx_word' id='word_1_168' title='bbox 919 2626 1114 2692; x_wconf 90' lang='lat' dir='ltr'><strong>decreverat.</strong></span> <span class='ocrx_word' id='word_1_169' title='bbox 1160 2626 1224 2692; x_wconf 85' lang='lat' dir='ltr'><strong>Sed</strong></span> 
     </span>
     <span class='ocr_line' id='line_1_24' title="bbox 185 2727 1224 2813; baseline 0.005 -22"><span class='ocrx_word' id='word_1_170' title='bbox 185 2727 350 2792; x_wconf 88' lang='lat' dir='ltr'><strong>consilium</strong></span> <span class='ocrx_word' id='word_1_171' title='bbox 381 2727 502 2793; x_wconf 88' lang='lat' dir='ltr'><strong>distulit</strong></span> <span class='ocrx_word' id='word_1_172' title='bbox 527 2728 758 2813; x_wconf 84' lang='lat' dir='ltr'><strong>Sogdianorum</strong></span> <span class='ocrx_word' id='word_1_173' title='bbox 788 2731 933 2796; x_wconf 92' lang='lat' dir='ltr'><strong>nuntiata</strong></span> <span class='ocrx_word' id='word_1_174' title='bbox 961 2730 1110 2812; x_wconf 85' lang='lat' dir='ltr'><strong>deiectio,</strong></span> <span class='ocrx_word' id='word_1_175' title='bbox 1142 2752 1224 2813; x_wconf 91' lang='lat' dir='ltr'><strong>quae</strong></span> 
     </span>
     <span class='ocr_line' id='line_1_25' title="bbox 185 2831 1275 2918; baseline 0.004 -24"><span class='ocrx_word' id='word_1_176' title='bbox 185 2831 374 2897; x_wconf 85' lang='lat' dir='ltr'><strong>Bactrianos</strong></span> <span class='ocrx_word' id='word_1_177' title='bbox 412 2852 536 2914; x_wconf 91' lang='lat' dir='ltr'><strong>quoque</strong></span> <span class='ocrx_word' id='word_1_178' title='bbox 574 2834 680 2898; x_wconf 86' lang='lat' dir='ltr'><strong>traxit.</strong></span> <span class='ocrx_word' id='word_1_179' title='bbox 734 2845 786 2898; x_wconf 81' lang='lat' dir='ltr'><strong>vll</strong></span> <span class='ocrx_word' id='word_1_180' title='bbox 823 2835 910 2899; x_wconf 92' lang='lat' dir='ltr'><strong>milia</strong></span> <span class='ocrx_word' id='word_1_181' title='bbox 946 2834 1087 2918; x_wconf 91' lang='lat' dir='ltr'><strong>equitum</strong></span> <span class='ocrx_word' id='word_1_182' title='bbox 1124 2843 1275 2917; x_wconf 81' lang='lat' dir='ltr'><strong>erant,14</strong></span> 
     </span>
     <span class='ocr_line' id='line_1_26' title="bbox 185 2936 1224 3026; baseline 0.006 -28"><span class='ocrx_word' id='word_1_183' title='bbox 185 2955 318 3017; x_wconf 90' lang='lat' dir='ltr'><strong>quorum</strong></span> <span class='ocrx_word' id='word_1_184' title='bbox 363 2936 583 3002; x_wconf 89' lang='lat' dir='ltr'><strong>auctoritatem</strong></span> <span class='ocrx_word' id='word_1_185' title='bbox 617 2938 718 3026; x_wconf 85' lang='lat' dir='ltr'><strong>¹ceteri</strong></span> <span class='ocrx_word' id='word_1_186' title='bbox 757 2940 980 3020; x_wconf 90' lang='lat' dir='ltr'><strong>sequebantur.</strong></span> <span class='ocrx_word' id='word_1_187' title='bbox 1041 2939 1224 3004; x_wconf 85' lang='lat' dir='ltr'><strong>Alexander</strong></span> 
     </span>
     <span class='ocr_line' id='line_1_27' title="bbox 188 3038 1222 3126; baseline 0.006 -24"><span class='ocrx_word' id='word_1_188' title='bbox 188 3038 395 3122; x_wconf 88' lang='lat' dir='ltr'><strong>Spitamenen</strong></span> <span class='ocrx_word' id='word_1_189' title='bbox 418 3046 450 3104; x_wconf 88' lang='lat' dir='ltr'><strong>et</strong></span> <span class='ocrx_word' id='word_1_190' title='bbox 466 3039 616 3121; x_wconf 81' lang='lat' dir='ltr'><strong>(latenen,</strong></span> <span class='ocrx_word' id='word_1_191' title='bbox 642 3063 661 3106; x_wconf 92' lang='lat' dir='ltr'><strong>a</strong></span> <span class='ocrx_word' id='word_1_192' title='bbox 684 3043 797 3124; x_wconf 89' lang='lat' dir='ltr'><strong>quibus</strong></span> <span class='ocrx_word' id='word_1_193' title='bbox 818 3041 846 3107; x_wconf 92' lang='lat' dir='ltr'><strong>ei</strong></span> <span class='ocrx_word' id='word_1_194' title='bbox 862 3043 997 3108; x_wconf 88' lang='lat' dir='ltr'><strong>traditus</strong></span> <span class='ocrx_word' id='word_1_195' title='bbox 1013 3050 1082 3108; x_wconf 90' lang='lat' dir='ltr'><strong>erat</strong></span> <span class='ocrx_word' id='word_1_196' title='bbox 1097 3043 1222 3126; x_wconf 91' lang='lat' dir='ltr'><strong>Bessus,</strong></span> 
     </span>
     <span class='ocr_line' id='line_1_28' title="bbox 186 3140 1225 3232; baseline 0.008 -27"><span class='ocrx_word' id='word_1_197' title='bbox 186 3141 274 3206; x_wconf 93' lang='lat' dir='ltr'><strong>haud</strong></span> <span class='ocrx_word' id='word_1_198' title='bbox 296 3142 420 3223; x_wconf 68' lang='lat' dir='ltr'><strong>dubius</strong></span> <span class='ocrx_word' id='word_1_199' title='bbox 445 3140 520 3225; x_wconf 93' lang='lat' dir='ltr'><strong>quin</strong></span> <span class='ocrx_word' id='word_1_200' title='bbox 544 3163 651 3209; x_wconf 89' lang='lat' dir='ltr'><strong>eorum</strong></span> <span class='ocrx_word' id='word_1_201' title='bbox 674 3165 772 3230; x_wconf 91' lang='lat' dir='ltr'><strong>opera</strong></span> <span class='ocrx_word' id='word_1_202' title='bbox 797 3146 901 3230; x_wconf 89' lang='lat' dir='ltr'><strong>redigi</strong></span> <span class='ocrx_word' id='word_1_203' title='bbox 923 3155 1054 3231; x_wconf 89' lang='lat' dir='ltr'><strong>possent</strong></span> <span class='ocrx_word' id='word_1_204' title='bbox 1077 3148 1109 3212; x_wconf 91' lang='lat' dir='ltr'><strong>in</strong></span> <span class='ocrx_word' id='word_1_205' title='bbox 1139 3156 1225 3232; x_wconf 91' lang='lat' dir='ltr'><strong>pote-</strong></span> 
     </span>
     <span class='ocr_line' id='line_1_29' title="bbox 186 3246 1277 3332; baseline 0.004 -23"><span class='ocrx_word' id='word_1_206' title='bbox 186 3251 311 3327; x_wconf 87' lang='lat' dir='ltr'><strong>statem,</strong></span> <span class='ocrx_word' id='word_1_207' title='bbox 325 3246 379 3328; x_wconf 89' lang='lat' dir='ltr'><strong>qui</strong></span> <span class='ocrx_word' id='word_1_208' title='bbox 401 3254 596 3312; x_wconf 85' lang='lat' dir='ltr'><strong>novaverant</strong></span> <span class='ocrx_word' id='word_1_209' title='bbox 619 3269 678 3330; x_wconf 89' lang='lat' dir='ltr'><strong>res,</strong></span> <span class='ocrx_word' id='word_1_210' title='bbox 703 3249 793 3314; x_wconf 89' lang='lat' dir='ltr'><strong>iussit</strong></span> <span class='ocrx_word' id='word_1_211' title='bbox 816 3251 947 3316; x_wconf 89' lang='lat' dir='ltr'><strong>accersi.</strong></span> <span class='ocrx_word' id='word_1_212' title='bbox 978 3251 1020 3314; x_wconf 91' lang='lat' dir='ltr'><strong>At</strong></span> <span class='ocrx_word' id='word_1_213' title='bbox 1042 3251 1096 3332; x_wconf 95' lang='lat' dir='ltr'><strong>illi,</strong></span> <span class='ocrx_word' id='word_1_214' title='bbox 1121 3251 1277 3317; x_wconf 79' lang='lat' dir='ltr'><strong>deleo-15</strong></span> 
     </span>
     <span class='ocr_line' id='line_1_30' title="bbox 186 3349 1227 3440; baseline 0.008 -27"><span class='ocrx_word' id='word_1_215' title='bbox 186 3349 291 3431; x_wconf 84' lang='lat' dir='ltr'><strong>tionis,</strong></span> <span class='ocrx_word' id='word_1_216' title='bbox 315 3349 357 3414; x_wconf 92' lang='lat' dir='ltr'><strong>ad</strong></span> <span class='ocrx_word' id='word_1_217' title='bbox 381 3370 476 3432; x_wconf 90' lang='lat' dir='ltr'><strong>quam</strong></span> <span class='ocrx_word' id='word_1_218' title='bbox 500 3352 710 3417; x_wconf 88' lang='lat' dir='ltr'><strong>coercendam</strong></span> <span class='ocrx_word' id='word_1_219' title='bbox 733 3354 957 3440; x_wconf 84' lang='lat' dir='ltr'><strong>evocabuntur,</strong></span> <span class='ocrx_word' id='word_1_220' title='bbox 984 3363 1138 3438; x_wconf 89' lang='lat' dir='ltr'><strong>auctores,</strong></span> <span class='ocrx_word' id='word_1_221' title='bbox 1162 3359 1227 3421; x_wconf 90' lang='lat' dir='ltr'><strong>vul-</strong></span> 
     </span>
     <span class='ocr_line' id='line_1_31' title="bbox 187 3453 1227 3543; baseline 0.008 -25"><span class='ocrx_word' id='word_1_222' title='bbox 187 3461 343 3537; x_wconf 90' lang='lat' dir='ltr'><strong>gaverant</strong></span> <span class='ocrx_word' id='word_1_223' title='bbox 384 3453 471 3519; x_wconf 86' lang='lat' dir='ltr'><strong>fama</strong></span> <span class='ocrx_word' id='word_1_224' title='bbox 504 3456 692 3522; x_wconf 92' lang='lat' dir='ltr'><strong>Bactrianos</strong></span> <span class='ocrx_word' id='word_1_225' title='bbox 726 3458 849 3541; x_wconf 91' lang='lat' dir='ltr'><strong>equites</strong></span> <span class='ocrx_word' id='word_1_226' title='bbox 883 3481 903 3523; x_wconf 91' lang='lat' dir='ltr'><strong>a</strong></span> <span class='ocrx_word' id='word_1_227' title='bbox 936 3480 1012 3543; x_wconf 87' lang='lat' dir='ltr'><strong>rege</strong></span> <span class='ocrx_word' id='word_1_228' title='bbox 1043 3480 1162 3542; x_wconf 76' lang='lat' dir='ltr'><strong>omnen,</strong></span> <span class='ocrx_word' id='word_1_229' title='bbox 1193 3469 1227 3526; x_wconf 94' lang='lat' dir='ltr'><strong>ut</strong></span> 
     </span>
     <span class='ocr_line' id='line_1_32' title="bbox 188 3557 1227 3648; baseline 0.007 -27"><span class='ocrx_word' id='word_1_230' title='bbox 188 3557 415 3639; x_wconf 91' lang='lat' dir='ltr'><strong>occiderentur,</strong></span> <span class='ocrx_word' id='word_1_231' title='bbox 441 3560 570 3642; x_wconf 90' lang='lat' dir='ltr'><strong>accersi,</strong></span> <span class='ocrx_word' id='word_1_232' title='bbox 598 3560 693 3643; x_wconf 91' lang='lat' dir='ltr'><strong>idque</strong></span> <span class='ocrx_word' id='word_1_233' title='bbox 716 3562 904 3647; x_wconf 89' lang='lat' dir='ltr'><strong>imperatum</strong></span> <span class='ocrx_word' id='word_1_234' title='bbox 926 3563 1020 3648; x_wconf 91' lang='lat' dir='ltr'><strong>ipsis:</strong></span> <span class='ocrx_word' id='word_1_235' title='bbox 1051 3583 1114 3629; x_wconf 91' lang='lat' dir='ltr'><strong>non</strong></span> <span class='ocrx_word' id='word_1_236' title='bbox 1137 3565 1227 3630; x_wconf 92' lang='lat' dir='ltr'><strong>susti-</strong></span> 
     </span>
     <span class='ocr_line' id='line_1_33' title="bbox 187 3661 1226 3752; baseline 0.008 -27"><span class='ocrx_word' id='word_1_237' title='bbox 187 3661 293 3726; x_wconf 90' lang='lat' dir='ltr'><strong>nuisse</strong></span> <span class='ocrx_word' id='word_1_238' title='bbox 316 3669 423 3727; x_wconf 88' lang='lat' dir='ltr'><strong>tamen</strong></span> <span class='ocrx_word' id='word_1_239' title='bbox 446 3664 569 3745; x_wconf 88' lang='lat' dir='ltr'><strong>exequi,</strong></span> <span class='ocrx_word' id='word_1_240' title='bbox 593 3685 633 3728; x_wconf 91' lang='lat' dir='ltr'><strong>ne</strong></span> <span class='ocrx_word' id='word_1_241' title='bbox 656 3665 848 3750; x_wconf 88' lang='lat' dir='ltr'><strong>inexpiabile</strong></span> <span class='ocrx_word' id='word_1_242' title='bbox 871 3666 903 3730; x_wconf 93' lang='lat' dir='ltr'><strong>in</strong></span> <span class='ocrx_word' id='word_1_243' title='bbox 919 3668 1087 3752; x_wconf 89' lang='lat' dir='ltr'><strong>populares</strong></span> <span class='ocrx_word' id='word_1_244' title='bbox 1103 3667 1226 3734; x_wconf 84' lang='lat' dir='ltr'><strong>facinus</strong></span> 
     </span>
     <span class='ocr_line' id='line_1_34' title="bbox 188 3764 1226 3854; baseline 0.007 -25"><span class='ocrx_word' id='word_1_245' title='bbox 188 3764 400 3831; x_wconf 88' lang='lat' dir='ltr'><strong>admitterent.</strong></span> <span class='ocrx_word' id='word_1_246' title='bbox 435 3766 508 3831; x_wconf 88' lang='lat' dir='ltr'><strong>Non</strong></span> <span class='ocrx_word' id='word_1_247' title='bbox 531 3768 634 3850; x_wconf 90' lang='lat' dir='ltr'><strong>magis</strong></span> <span class='ocrx_word' id='word_1_248' title='bbox 650 3768 825 3834; x_wconf 86' lang='lat' dir='ltr'><strong>Alexandri</strong></span> <span class='ocrx_word' id='word_1_249' title='bbox 841 3771 1008 3836; x_wconf 86' lang='lat' dir='ltr'><strong>saevitiam</strong></span> <span class='ocrx_word' id='word_1_250' title='bbox 1024 3793 1119 3854; x_wconf 91' lang='lat' dir='ltr'><strong>quarn</strong></span> <span class='ocrx_word' id='word_1_251' title='bbox 1134 3773 1226 3838; x_wconf 89' lang='lat' dir='ltr'><strong>Bessi</strong></span> 
     </span>
     <span class='ocr_line' id='line_1_35' title="bbox 188 3868 1226 3960; baseline 0.007 -26"><span class='ocrx_word' id='word_1_252' title='bbox 188 3868 392 3954; x_wconf 91' lang='lat' dir='ltr'><strong>parricidium</strong></span> <span class='ocrx_word' id='word_1_253' title='bbox 414 3869 497 3936; x_wconf 83' lang='lat' dir='ltr'><strong>serre</strong></span> <span class='ocrx_word' id='word_1_254' title='bbox 520 3871 671 3955; x_wconf 87' lang='lat' dir='ltr'><strong>potuisse.</strong></span> <span class='ocrx_word' id='word_1_255' title='bbox 707 3873 819 3956; x_wconf 89' lang='lat' dir='ltr'><strong>Itaque</strong></span> <span class='ocrx_word' id='word_1_256' title='bbox 842 3893 900 3939; x_wconf 88' lang='lat' dir='ltr'><strong>sua</strong></span> <span class='ocrx_word' id='word_1_257' title='bbox 918 3881 1030 3960; x_wconf 92' lang='lat' dir='ltr'><strong>sponte</strong></span> <span class='ocrx_word' id='word_1_258' title='bbox 1046 3875 1109 3940; x_wconf 88' lang='lat' dir='ltr'><strong>iam</strong></span> <span class='ocrx_word' id='word_1_259' title='bbox 1124 3882 1226 3941; x_wconf 91' lang='lat' dir='ltr'><strong>motos</strong></span> 
     </span>
    </p>
   </div>
   <div class='ocr_carea' id='block_1_3' title="bbox 0 0 1505 4322">
    <p class='ocr_par' dir='ltr' id='par_1_5' title="bbox 0 0 1505 4322">
     <span class='ocr_line' id='line_1_36' title="bbox 0 0 1505 4322; baseline 0 0"><span class='ocrx_word' id='word_1_260' title='bbox 0 0 1505 4322; x_wconf 95' lang='lat' dir='ltr'><strong> </strong></span> 
     </span>
    </p>
   </div>
  </div>
 </body>
</html>
