3028 4322
425 235 677 290 HISTORIARUM
694 234 908 289 ALEXANDRI
926 237 965 289 lIl
983 241 1007 290 4.
1026 239 1050 290 ὃ.
1220 238 1257 301 ll
1366 319 1371 330 .

223 443 384 528 excipiunt
407 463 467 508 neo
496 440 574 507 satis
603 447 784 526 compotem
814 441 929 507 mentis
959 441 992 507 in
1021 443 1259 509 tabernaculum

222 546 379 613 deserunt.
426 547 545 630 Ingens
579 545 759 612 sollicitudo
794 552 826 610 et
860 565 963 630 paene
997 546 1061 611 iam
1094 548 1197 614 luctus
1227 547 1259 612 in

222 651 333 717 castris
371 657 447 716 erat.
508 650 636 716 Flentes
674 652 896 732 querebantur,
942 650 975 714 in
1012 658 1100 717 tanto
1137 649 1293 738 impetus

222 776 378 839 cursuque
401 751 506 820 rorum
530 754 631 820 omnis
653 753 768 819 aetatis
792 775 830 819 ac
853 755 1025 821 memoriae
1048 755 1258 822 clarissimum

220 879 332 943 regem
353 880 416 924 non
438 859 472 924 in
493 857 563 924 acie
585 859 706 939 saltem,
738 879 800 924 non
822 858 863 924 ab
887 858 978 924 hoste
1002 859 1169 942 deiectum,
1201 860 1260 926 sed

220 964 403 1030 abluentem
439 983 522 1045 aqua
559 983 673 1048 corpus
704 963 855 1048 'ereptum
894 983 964 1029 esse
988 971 1033 1030 ¹et
1072 965 1255 1032 extinctum.

220 1069 343 1133 Instare
373 1068 524 1148 Dareum,
558 1066 720 1148 victorem,
754 1074 925 1148 antequam
954 1067 1090 1134 vidisset
1121 1069 1291 1136 hostemo

221 1172 290 1237 Sibi
320 1171 451 1238 easdem
480 1178 588 1252 terras,
624 1191 703 1254 quas
731 1171 871 1236 'victoria
899 1179 1134 1256 peragrassent,
1170 1193 1258 1258 repe-

219 1275 349 1342 tendas:
387 1276 493 1342 omnia
525 1283 580 1340 aut
613 1276 701 1360 ipsos
737 1283 792 1340 aut
829 1275 938 1341 hostes
975 1277 1162 1361 populatos:
1201 1297 1258 1362 per

219 1387 326 1446 vastas
357 1379 551 1461 solitudines,
587 1380 711 1445 etiamsi
741 1400 835 1445 nemo
869 1381 994 1463 insequi
1023 1381 1109 1462 velit,
1146 1389 1257 1448 euntes

219 1486 304 1550 fame
325 1492 421 1566 atque
443 1484 552 1570 inopia
581 1483 734 1550 debellari
764 1503 868 1568 posse.
915 1483 1018 1560 Quem
1048 1484 1174 1567 signum
1204 1485 1291 1550 dar

219 1596 324 1654 turum
357 1587 578 1672 fugientibus?
623 1608 717 1671 quem
750 1608 900 1653 ausurum
934 1589 1118 1654 Alexandro
1152 1609 1256 1656 succe·

219 1693 319 1763 dere?
363 1693 430 1757 lam
455 1699 489 1757 ut
512 1692 554 1757 ad
576 1693 820 1778 Hellespontum
839 1691 918 1775 fuga
940 1701 1161 1777 penetrarent:
1178 1695 1256 1760 olas-

164 1803 168 1810 '
218 1817 295 1878 sem,
328 1817 390 1881 qua
419 1781 592 1878 transcant,
623 1816 718 1880 quem
748 1797 1034 1880 praeparaturum?
1080 1798 1199 1864 Rursus
1222 1799 1290 1863 in8

129 1955 133 1962 .
217 1902 322 1986 ipsum
344 1921 456 1984 regem
480 1896 698 1966 misericordia
723 1920 827 1982 versa,
851 1901 941 1966 illum
963 1899 1073 1966 floram
1095 1901 1254 1986 iuventae,

217 2005 304 2070 illam
333 2005 398 2070 vim
427 2003 533 2086 animi,
569 2003 705 2069 cundem
735 2023 845 2086 regem
876 2011 907 2070 et
936 2005 1181 2070 commilitonem
1211 2006 1256 2071 di-

217 2109 293 2175 velli
314 2129 335 2174 a
357 2129 392 2174 sc
415 2116 446 2174 et
468 2107 614 2193 abrumpi
636 2108 836 2174 immemores
860 2108 908 2174 sui
931 2109 1152 2191 querebantur.

167 2215 207 2285 13
323 2215 410 2279 Inter
446 2213 526 2278 haec
555 2213 685 2278 liberius
714 2234 821 2278 meare
855 2213 984 2298 spiritus
1017 2221 1175 2298 coeperat,
1211 2216 1289 2282 al-9

216 2321 406 2400 levabatque
422 2337 478 2382 rex
495 2318 602 2383 oculos
617 2324 649 2382 et
663 2317 817 2402 paulatim
832 2316 987 2382 redeunte
1002 2318 1108 2382 animo
1123 2319 1255 2384 circum-

216 2429 348 2510 stantes*
361 2423 481 2488 amicos
503 2429 696 2505 agnoverat:
727 2423 897 2504 laxataque
927 2421 977 2487 vis
1003 2423 1106 2488 morbi
1129 2424 1170 2488 ob
1193 2423 1254 2490 hoc

216 2529 318 2593 solum
355 2525 532 2607 videbatur,
573 2525 647 2606 quia
683 2525 936 2608 magnitudinem
973 2527 1048 2591 mali
1086 2527 1250 2593 sentiebat.

216 2631 322 2696 Animi
344 2637 450 2696 autem
472 2629 639 2713 aegritudo
662 2649 777 2715 corpus
800 2630 943 2712 urgebat,
969 2631 1088 2715 quippe
1111 2632 1253 2697 Dareum
1273 2651 1306 2700 10

216 2735 326 2818 quinto
355 2734 409 2799 die
438 2734 471 2798 in
498 2733 611 2799 Cilicia
640 2732 708 2799 fore
738 2734 952 2800 nuntiabatur.
999 2735 1145 2800 Vinctum
1176 2756 1252 2818 ergo

216 2861 251 2905 se
284 2838 366 2903 tradi
401 2844 432 2904 ot
465 2845 586 2903 tantam
619 2837 786 2903 victoriam
819 2839 900 2922 eripi
934 2839 995 2904 sibi
1033 2860 1073 2905 cx
1107 2840 1252 2906 manibus

216 2944 413 3024 obscuraque
436 2951 468 3008 et
490 2943 623 3025 ignobili
646 2950 745 3008 morte
768 2943 801 3008 in
824 2944 1028 3010 tabernaculo
1052 2945 1195 3028 extingui
1218 2965 1253 3010 se

216 3047 414 3130 querebatur.
454 3047 675 3130 Admissisque
696 3047 807 3112 amicis
830 3048 950 3133 pariter
971 3069 1009 3113 ae
1032 3046 1174 3130 medicis,
1201 3050 1251 3114 ‘ln
1273 3068 1302 3116 11

216 3169 278 3232 quo
300 3153 375 3234 me',
400 3151 511 3233 inquit,
533 3151 678 3216 ‘articulo
700 3171 805 3216 rerum
829 3173 971 3216 mearum
994 3152 1121 3218 fortuna
1143 3153 1253 3238 depre-

215 3254 369 3337 henderit,
387 3254 524 3320 cernitis.
561 3255 733 3340 Strepitum
750 3254 910 3322 hostilium
925 3277 1085 3322 armorum
1101 3258 1252 3322 exaudire

216 3357 293 3422 mihi
315 3359 427 3424 videor
449 3366 488 3440 et,
521 3359 575 3442 qui
604 3360 687 3424 ultro
716 3359 808 3425 intuli
838 3361 965 3442 bellum,
997 3362 1062 3426 iam
1088 3383 1251 3448 provocor.

214 3463 339 3529 Dareus
370 3479 447 3546 ergo
470 3484 541 3528 cum
571 3470 638 3528 tam
668 3452 823 3551 superbas
845 3465 966 3531 litteras
997 3467 1157 3548 scriberet,
1189 3468 1251 3533 for·
1272 3485 1303 3533 12

214 3573 323 3631 tunam
346 3587 450 3632 meam
472 3567 505 3632 in
528 3567 659 3633 consilio
681 3569 808 3635 habuit:
833 3570 890 3636 sed
905 3571 1107 3653 nequiquam,
1132 3573 1159 3638 si
1175 3572 1250 3637 mihi

214 3670 343 3736 arbitrio
365 3691 438 3737 meo
461 3673 564 3737 curari
586 3673 670 3739 licet.
705 3674 806 3739 Lenta
828 3674 970 3740 remedia
994 3683 1025 3740 et
1048 3697 1163 3760 segnes
1187 3698 1250 3742 mc·
1270 3693 1302 3743 13

214 3774 304 3840 dicos
333 3796 398 3840 non
431 3784 601 3860 expectant
634 3784 776 3863 tempora
810 3801 897 3844 mea:
932 3781 984 3846 vel
1013 3781 1093 3846 mori
1123 3788 1250 3848 strenue

215 3899 309 3960 quam
332 3879 420 3944 tarda
447 3881 670 3946 convalescere
700 3883 778 3946 mihi
807 3884 919 3948 melius
942 3893 999 3949 ost.
1046 3884 1190 3966 Proinde,
1224 3885 1248 3949 si
