2976 4322
264 177 325 240 172
652 177 683 243 o.
703 175 812 230 cunm
832 175 918 230 num

260 383 379 466 ambigi
408 391 521 468 potest,
553 384 627 466 quia
650 383 801 465 Philotas,
826 382 943 446 ultimis
967 380 1159 445 cruciatibus
1182 381 1296 460 victus,

260 508 377 552 verane
412 488 533 569 dixerit,
570 508 651 570 quae
685 488 772 552 faeta
805 487 933 573 probari
966 506 1030 550 non
1064 492 1218 570 poterant,
1258 507 1299 550 an

260 591 348 658 falsis
382 599 609 658 tormentorum
642 593 768 677 petierit
800 592 903 673 finem,
939 612 973 656 re
1008 608 1135 673 quoque
1167 591 1297 671 recenti,

260 716 331 760 oum
353 697 457 780 magis
480 704 589 780 posset
611 697 740 780 liquere,
766 696 943 762 dubitatum
966 702 1023 760 est.

208 811 240 860 35
362 801 553 882 Alexander,
585 821 665 884 quos
696 801 795 866 libere
824 807 957 866 mortem
979 798 1198 864 Parmenionis
1225 819 1297 864 con·
1313 796 1352 867 10

259 911 388 987 questos
419 925 489 970 esse
519 913 726 990 compererat,
751 904 947 993 separandos
977 925 997 968 a
1024 910 1130 968 cetero
1157 904 1299 968 exercitu

258 1015 354 1090 ratus,
374 1009 407 1073 in
430 1027 525 1074 unam
556 1009 720 1074 cohortem
751 1009 886 1074 secrevit
915 1008 1092 1090 ducemque
1114 1005 1165 1072 his
1188 1008 1299 1073 Leoni-

259 1113 333 1178 dam
363 1114 458 1195 dedit,
495 1121 527 1179 et
556 1115 660 1199 ipsum
690 1113 891 1179 Parmenioni
922 1111 1083 1195 quondam
1112 1111 1224 1176 intima
1254 1112 1298 1176 fa-

207 1227 239 1277 36
258 1218 439 1284 miliaritate
462 1219 672 1284 coniunctum.
720 1219 800 1284 Fere
823 1217 909 1283 idem
939 1224 1037 1298 erant,
1071 1237 1150 1298 quos
1180 1205 1298 1299 alioqui

257 1343 313 1388 rex
337 1323 491 1389 habuerat
512 1323 640 1389 invisos.
686 1323 769 1388 Nam
792 1343 864 1387 cum
886 1320 1024 1405 experiri
1047 1320 1142 1384 vellet
1164 1321 1298 1386 militum

257 1427 387 1508 animos,
419 1426 593 1508 admonuit,
625 1427 677 1510 qui
700 1427 821 1492 litteras
851 1426 885 1490 in
907 1424 1129 1490 Macedoniam
1159 1424 1201 1489 ad
1223 1445 1298 1490 suos

257 1531 443 1615 scripsisset,
475 1532 522 1612 iis,
555 1552 634 1614 quos
656 1531 726 1616 ipse
755 1530 909 1612 mittebat,
941 1528 1110 1614 perlaturis
1141 1549 1214 1594 cum
1235 1528 1297 1594 tide

256 1635 404 1700 traderet.
451 1635 643 1721 Simpliciter
664 1635 707 1700 ad
728 1635 927 1701 necessarios
951 1653 1025 1700 suos
1051 1633 1184 1716 quisque
1203 1634 1298 1719 scrip-

257 1747 349 1821 serat,
382 1760 463 1823 quae
495 1741 667 1806 sentiebat:
699 1740 771 1805 aliis
801 1739 910 1822 gravis
941 1745 1017 1820 erat,
1050 1738 1210 1822 plerisque
1234 1759 1297 1804 non

204 1853 238 1904 37
257 1843 383 1926 ingrata
405 1845 524 1913 militia.
571 1845 621 1909 Ita
643 1852 675 1910 et
697 1844 860 1928 agentium
882 1843 1002 1926 gratias
1028 1845 1072 1925 [et
1088 1841 1296 1930 querentium]

256 1949 381 2014 litterae
407 1957 561 2034 exceptae
592 1957 664 2015 sunt
695 1956 726 2015 et
757 1949 810 2032 qui
841 1947 922 2014 forte
953 1947 1059 2037 taedio
1090 1947 1208 2013 laboris
1239 1969 1296 2034 per

256 2053 377 2118 litteras
402 2061 492 2118 erant
515 2054 626 2136 questi.
675 2054 766 2117 Hanc
794 2072 921 2118 seorsus
952 2051 1116 2117 cohortem
1138 2074 1158 2116 a
1182 2053 1295 2118 ceteris

255 2157 387 2223 tendere
417 2158 612 2242 ignominiae
643 2178 740 2223 eausa
770 2157 865 2238 iubet,
901 2156 1087 2222 fortitudine
1118 2176 1232 2222 usurus
1263 2157 1295 2222 in

256 2260 349 2342 bello,
377 2262 555 2350 libertatem
577 2263 706 2346 linguae
728 2262 769 2326 ab
792 2261 920 2327 auribus
946 2259 1083 2325 credulis
1108 2267 1295 2326 remoturus.

255 2365 296 2428 Et
325 2366 499 2447 eonsilium,
531 2367 731 2432 temerarium
761 2365 896 2431 forsitan
922 2403 959 2412 -
986 2365 1104 2450 quippe
1134 2365 1297 2431 fortissimi

255 2470 385 2536 iuvenes
416 2471 607 2536 contumelia
635 2471 747 2534 irritati
780 2477 869 2535 erant
901 2507 942 2516 —
973 2469 1054 2535 sicut
1086 2469 1194 2534 omnia
1223 2471 1295 2552 alia,

205 2583 238 2635 38
256 2573 395 2640 felicitas
417 2576 502 2658 regis
526 2575 660 2660 excepit.
685 2573 773 2639 Nihil
788 2575 851 2640 illis
873 2574 916 2638 ad
931 2574 1015 2640 bella
1030 2575 1205 2659 promptius
1221 2575 1295 2640 fuit:

257 2679 413 2744 incitabat
443 2681 593 2746 virtutem
627 2687 659 2746 et
688 2680 882 2764 ignominiae
913 2679 1090 2744 demendae
1120 2679 1236 2764 cupido
1267 2689 1298 2746 et

255 2782 329 2863 quia
351 2783 447 2848 fortia
470 2784 557 2849 facta
580 2785 612 2848 in
637 2783 747 2868 paucis
771 2784 869 2849 latere
892 2804 956 2848 non
978 2789 1133 2867 poterant.

707 2976 777 3028 'CAR
797 2976 844 3027 ΙΙΙ.

222 3107 235 3156 1
360 3095 418 3161 His
455 3096 500 3162 ita
537 3095 719 3181 compositis
746 3095 930 3162 Alexander
971 3092 1111 3158 Arsame
1148 3093 1296 3159 Ariorum
1315 3093 1347 3164 ll

254 3205 380 3283 satrape
408 3201 577 3266 constituto
608 3200 668 3265 iter
697 3199 894 3284 pronuntiari
924 3199 1010 3264 iubet
1039 3199 1072 3262 in
1096 3197 1292 3283 Arimaspos,

254 3323 332 3385 quos
362 3303 426 3369 iam
455 3311 529 3369 tunc
559 3311 679 3370 mutato
709 3305 835 3369 nomine
866 3304 1046 3386 Euergetas
1077 3303 1296 3387 appellabant,

254 3428 294 3472 ex
337 3428 398 3490 quo
430 3407 550 3491 frigore
581 3408 751 3491 victusque
782 3397 914 3492 penuria
944 3406 1020 3491 Cyri
1051 3406 1225 3472 exereitum
1254 3407 1299 3472 af-

222 3509 379 3576 2fectum
412 3512 504 3577 tectis
535 3519 567 3577 et
601 3512 828 3578 commeatibus
858 3511 1012 3577 iuverant.
1060 3510 1196 3588 Quintus
1230 3510 1299 3576 dies

254 3622 329 3696 erat,
361 3616 452 3679 utin
479 3637 550 3680 eam
580 3615 743 3699 regionem
773 3622 971 3700 pervenerat.
1018 3613 1193 3698 Cognoscit
1218 3613 1297 3679 Sati-

253 3719 431 3800 barzanem,
460 3719 512 3801 qui
535 3719 578 3784 ad
597 3721 730 3784 Bessum
750 3718 920 3800 defecerat,
945 3739 1017 3784 cum
1040 3719 1180 3801 equitum
1202 3739 1298 3783 manu

254 3823 404 3908 irrupisse
438 3843 546 3888 rursus
569 3823 601 3887 in
624 3823 725 3889 Arios.
771 3824 882 3906 ltaque
906 3821 1063 3888 Caranum
1086 3833 1114 3888 ct
1129 3821 1299 3906 Erigyium
