3028 4322
691 1007 943 1062 HISTORIARUM

415 1155 908 1260 ALEXANDRI
956 1155 1220 1257 MAsNr

662 1351 972 1418 MACEDONIS

731 1511 842 1564 niens
861 1511 906 1564 rv.

766 1658 833 1712 Gar.
850 1659 869 1710 l.

269 1803 281 1850 1
406 1773 539 1852 Dareus,
563 1770 642 1836 tanti
664 1769 759 1834 modo
783 1769 939 1835 exercitus
958 1789 1023 1849 rex,
1049 1768 1102 1850 qui
1117 1767 1339 1854 triumphantis
1361 1771 1374 1840 l

301 1876 403 1960 magis
442 1896 536 1958 quam
574 1873 753 1938 dimicantis
791 1893 878 1938 more
916 1893 1008 1938 curru
1045 1871 1189 1937 sublimis
1227 1872 1339 1938 inierat

302 1979 464 2066 proelium,
500 2000 557 2064 per
594 1978 671 2059 loca,
711 1999 792 2061 quae
831 1998 931 2062 prope
964 1975 1125 2041 immensis
1158 1976 1338 2058 agminibus

302 2084 496 2169 impleverat,
528 2082 591 2147 iam
621 2082 727 2146 inania
757 2089 788 2147 et
818 2081 940 2165 ingenti
970 2079 1139 2146 solitudine
1169 2087 1261 2145 vasta
1294 2080 1341 2145 fn-

268 2189 422 2272 2giebat.
478 2187 577 2252 Pauci
612 2208 722 2270 regem
760 2187 989 2269 sequebantur:
1027 2206 1100 2249 nam
1135 2205 1194 2250 neo
1228 2185 1340 2250 eodem

302 2312 411 2357 omnes
435 2291 544 2374 fugam
566 2290 767 2356 intenderant
790 2297 831 2371 et,
855 2289 1074 2354 deficientibus
1091 2289 1191 2372 equis,
1215 2308 1340 2354 cursum

303 2417 419 2477 eorum,
445 2415 524 2478 quos
547 2416 604 2460 rex
627 2394 762 2460 subinde
781 2395 931 2474 mutabat,
954 2414 1092 2476 aequare
1107 2413 1170 2458 non
1185 2400 1339 2477 poterant.

269 2500 430 2579 3Onohas
454 2499 570 2565 deinde
593 2498 748 2584 pervenit,
780 2497 835 2563 ubi
866 2517 1021 2582 excepere
1052 2518 1123 2562 eum
1147 2497 1339 2562 Graecorum

303 2611 449 2687 quattuor
471 2603 565 2685 milia,
590 2603 653 2668 iam
674 2603 782 2686 regius
803 2603 988 2666 comitatos:
1011 2608 1078 2665 tum
1099 2601 1141 2666 ad
1157 2601 1340 2686 Euphraten

303 2708 472 2789 contendit,
497 2707 531 2772 id
554 2709 680 2774 demum
696 2706 829 2773 credens
853 2705 920 2771 fore
943 2705 1050 2791 ipsius,
1076 2705 1162 2789 quod
1177 2705 1340 2771 eeleritate

302 2813 486 2899 praecipere
509 2813 674 2897 potuisset.

269 2945 286 2994 4
408 2917 451 2982 At
473 2915 655 2982 Alexander
677 2916 926 2997 Parmenionem,
958 2936 1015 3000 per
1045 2935 1138 2997 quem
1169 2913 1254 2999 apud
1277 2915 1341 2978 Da-

303 3041 444 3086 mascum
477 3027 607 3105 recepta
644 3028 711 3087 orat
749 3019 876 3106 praeda,
916 3020 1036 3085 iussum
1071 3040 1140 3084 eam
1174 3019 1277 3102 ipsam
1311 3027 1343 3084 et

305 3125 447 3209 captivos
489 3123 635 3208 diligenti
672 3145 838 3190 asservare
884 3123 1036 3204 custodia,
1083 3123 1204 3207 Syriae,
1248 3144 1341 3206 quam

269 3229 423 3306 5Ooelen
452 3237 576 3310 vocant,
608 3227 771 3314 praefecit.
817 3229 944 3294 Novum
974 3227 1140 3312 imperium
1163 3227 1247 3311 Syri,
1267 3247 1343 3292 non-

304 3334 379 3398 dum
401 3333 476 3398 belli
500 3333 643 3398 cladibus
667 3333 744 3408 satis
776 3333 897 3414 domiti,
923 3333 1189 3418 aspernabantur:
1213 3331 1272 3397 sed
1296 3353 1343 3397 ee-

602 836 651 938 Q.
685 835 858 920 OURTI
901 835 1036 919 RUFI

1497 3339 1498 3390 l

1497 3451 1498 3494 l

303 3438 411 3504 leriter
441 3439 564 3504 subacti
595 3437 800 3504 oboedienter
833 3437 988 3522 imperata
1018 3436 1170 3501 fecerunt.
1217 3434 1344 3500 Aradus

271 3563 431 3626 equoque
462 3544 565 3609 insula
595 3542 722 3610 deditur
751 3543 831 3626 regi.
877 3541 1066 3608 Maritimam
1099 3548 1166 3605 tum
1195 3560 1282 3605 oram
1312 3546 1345 3605 et

306 3647 458 3731 pleraque
481 3647 606 3731 longius
631 3649 726 3714 etiam
755 3669 775 3712 a
804 3647 884 3712 mari
913 3644 1096 3712 recedentia
1124 3665 1181 3709 rex
1211 3645 1279 3710 eius
1301 3645 1345 3708 in-

307 3752 394 3817 sulae
425 3751 529 3817 Strato
560 3752 762 3836 possidebat:
797 3771 859 3834 quo
890 3751 923 3815 in
953 3749 1048 3814 fidem
1078 3755 1211 3833 accepto
1241 3755 1345 3812 eastra

272 3855 405 3928 7movit
433 3855 476 3920 ad
508 3856 619 3922 urbem
649 3856 827 3922 Marathon.
873 3855 923 3920 Ibi
953 3854 1000 3917 illi
1028 3853 1154 3918 litterae
1183 3875 1204 3918 a
1234 3851 1377 3922 Dareo2
