3040 4318
235 209 286 272 -92
634 211 664 276 Q.
685 210 792 264 GURTI
809 212 897 266 RUFI

246 416 448 480 altitudinem
477 423 652 499 aequantes
682 417 914 500 multarumque
944 419 1092 482 arborum
1116 418 1229 482 umbra
1252 423 1283 480 et

171 531 227 592 333
245 522 436 605 proceritate
459 522 593 586 amoeni.
633 521 718 586 Saxo
742 521 835 606 pilae,
861 542 943 605 quae
965 529 1067 588 totum
1090 541 1170 588 onus
1193 521 1282 587 susti-

141 628 160 642 *
245 632 328 706 nent,
352 625 526 691 instructae
549 633 629 707 sunt,
655 646 750 710 super
772 625 854 711 pilas
876 625 984 710 lapide
1007 626 1162 709 quadrato
1182 627 1283 690 solum

246 737 378 794 stratum
415 737 474 811 est,
512 730 636 814 patiens
673 737 787 812 terrae,
827 751 923 812 quam
956 731 1054 795 altam
1076 730 1216 810 iniciunt,
1252 737 1284 794 et

245 833 395 914 humoris,
431 853 493 915 quo
527 833 633 916 rigant
665 841 784 900 terras:
818 835 964 918 adeoque
997 834 1124 900 validas
1153 835 1284 899 arbores

246 938 403 1004 sustinent
417 939 526 1018 moles,
547 946 582 1003 ut
597 937 721 1021 stipites
739 960 846 1004 earum
870 949 935 1002 VIII
954 939 1130 1004 cubitorum
1147 937 1284 1023 spatium

247 1041 455 1106 crassitudine
478 1049 623 1124 aequent,
654 1042 687 1106 in
706 1053 728 1110 L
748 1042 866 1127 pedum
896 1043 1095 1108 altitudinem
1126 1042 1284 1108 emineant

196 1154 229 1205 34
248 1145 486 1229 frugiferaeque
517 1147 587 1228 sint,
618 1154 653 1212 ut
683 1147 710 1212 si
732 1154 818 1212 terra
847 1167 906 1212 sua
935 1148 1103 1213 alerentur.
1149 1147 1285 1210 Etcum

247 1258 388 1316 vetustas
411 1272 474 1315 non
498 1272 595 1336 opera
620 1251 721 1316 solum
743 1250 955 1332 manufacta,
984 1250 1041 1316 sed
1065 1251 1160 1316 etiam
1182 1251 1285 1334 ipsam

248 1361 393 1418 naturam
415 1354 567 1438 paulatim
591 1354 757 1420 exedendo
780 1363 932 1440 peremat,
960 1354 1040 1420 haee
1063 1355 1171 1435 moles,
1203 1373 1285 1436 quae

247 1470 295 1527 tot
317 1463 464 1528 arborum
486 1461 647 1528 radicibus
669 1461 821 1546 premitur
836 1461 978 1544 tantique
992 1460 1130 1526 nemoris
1145 1458 1285 1544 pondere

249 1573 378 1632 onerata
394 1573 451 1646 est,
475 1565 628 1630 inviolata
643 1565 744 1646 durat,
766 1565 884 1651 quippe
898 1576 948 1628 XX
962 1566 1062 1651 pedes
1075 1565 1132 1628 lati
1148 1563 1286 1648 parietes

249 1671 414 1751 sustinent,
439 1679 478 1732 XI
502 1669 620 1754 pedum
635 1669 804 1735 intervallo
819 1669 981 1750 distantes,
1006 1675 1041 1733 ut
1060 1668 1170 1753 procul
1185 1667 1287 1733 visen·

198 1778 231 1827 35
249 1775 334 1840 tibus
358 1774 458 1838 silvae
481 1773 640 1838 montibus
672 1773 738 1838 suis
760 1773 923 1838 imminere
946 1772 1124 1839 videantur.
1172 1772 1286 1854 Syriae

248 1897 359 1960 regem
396 1877 562 1960 Babylone
599 1884 785 1959 regnantem
823 1877 885 1942 hoc
917 1895 998 1961 opus
1036 1895 1106 1942 esse
1143 1875 1286 1940 molitum

249 1981 421 2046 memoriae
451 1980 611 2065 proditum
642 1988 700 2062 est,
732 2001 838 2045 amore
869 1981 1015 2064 coniugis
1044 1979 1171 2060 victum,
1205 2001 1286 2063 quae

251 2086 410 2152 desiderio
440 2105 605 2150 nemorum
636 2085 848 2167 silvarumque
882 2084 915 2148 in
949 2084 1178 2169 campestribus
1208 2083 1287 2150 locis

250 2190 353 2256 virum
376 2189 528 2272 compulit
551 2188 774 2254 amoenitatem
796 2196 927 2254 naturae
957 2209 1074 2271 genere
1097 2188 1159 2252 hoc
1182 2187 1287 2274 operis

250 2293 375 2358 imitari.

200 2400 233 2450 36
355 2396 483 2462 Diutius
517 2397 550 2460 in
580 2395 641 2462 hac
671 2399 748 2462 urbe
779 2418 874 2479 quam
903 2417 1038 2480 usquam
1069 2396 1208 2462 constitit
1230 2391 1321 2461 rexii

252 2521 311 2565 nec
341 2501 403 2565 alio
432 2501 504 2565 loco
538 2499 726 2585 disciplinae
756 2502 884 2566 militari
918 2502 1023 2584 magis
1052 2501 1176 2566 nocuit:
1210 2500 1288 2564 nihil

143 2662 148 2670 .
251 2603 338 2669 urbis
370 2603 437 2668 eius
469 2605 646 2688 corruptius
676 2605 824 2685 moribus,
859 2604 939 2669 nihil
968 2605 1010 2669 ad
1040 2605 1210 2670 irritandas
1232 2604 1288 2668 illi-

201 2714 233 2764 37
253 2707 447 2788 ciendasque
480 2706 667 2772 immodicas
695 2707 885 2792 cupiditates
920 2709 1111 2775 instructius.
1157 2707 1290 2772 Liberos

252 2810 469 2892 coniugesque
493 2831 564 2875 curn
586 2810 764 2897 hospitibus
788 2819 897 2896 stupro
921 2813 1013 2893 coire,
1037 2813 1132 2876 modo
1155 2811 1290 2895 pretium

252 2913 365 2996 flagitii
390 2915 489 2994 detur,
517 2922 666 2998 parentes
688 2915 855 2998 maritique
878 2917 1048 3000 patiuntur.
1098 2915 1290 2980 Convivales

252 3017 320 3082 ludi
356 3024 423 3082 tota
460 3017 592 3082 Perside
630 3019 760 3100 regibus
797 3021 1040 3104 purpuratisque
1078 3018 1167 3082 cordi
1207 3025 1288 3098 sunt,

253 3121 422 3205 Babylonii
455 3121 593 3186 maxime
637 3122 670 3185 in
703 3123 811 3187 vinum
846 3131 877 3188 et
911 3143 993 3206 quae
1024 3123 1210 3188 ebrietatem
1245 3143 1290 3187 se-

201 3233 234 3282 38
253 3232 390 3308 quuntur
435 3225 526 3290 effusi
561 3233 641 3290 sunt.
698 3227 901 3292 Feminarum
936 3227 1081 3293 convivia
1114 3226 1290 3291 ineuntium

252 3329 284 3393 in
314 3330 469 3413 principio
499 3331 662 3396 modestus
693 3339 741 3396 est
770 3331 905 3412 habitus,
938 3331 1012 3396 dein
1043 3351 1166 3396 summa
1197 3351 1291 3414 quae·

254 3453 316 3515 que
338 3432 474 3496 amicula
498 3441 616 3498 exuunt
639 3435 855 3517 paulatimque
878 3434 1032 3518 pudorem
1048 3434 1224 3518 profanant,
1249 3433 1289 3498 ad

253 3537 398 3601 ultimum
421 3575 463 3584 -
486 3537 586 3601 honos
609 3538 738 3602 auribus
761 3538 889 3604 habitus
912 3539 952 3603 sit
977 3577 1016 3585 -
1040 3539 1105 3602 ima
1124 3558 1291 3623 corporum

199 3683 202 3687 ‚
254 3640 434 3705 velamenta
456 3641 621 3724 proiciunt.
667 3641 736 3706 Nee
758 3642 959 3706 meretricum
985 3641 1047 3706 hoc
1069 3640 1209 3707 dedecus
1232 3647 1289 3721 est,

256 3742 314 3807 sed
329 3750 541 3807 matronarum
556 3744 795 3826 virginumque:
812 3744 898 3828 apud
914 3765 993 3827 quas
1009 3745 1141 3810 comitas
1158 3745 1292 3809 habetur

204 3859 236 3910 39
255 3845 378 3926 vulgati
409 3846 551 3928 corporis
581 3847 696 3911 vilitas.
742 3847 829 3911 Inter
861 3847 941 3912 haec
975 3846 1098 3931 flagitia
1133 3848 1290 3914 exercitus
