2976 4322
279 219 341 283 194
669 221 699 286 o.
719 220 827 274 ouum
846 221 933 274 uum

277 424 310 490 id
333 425 419 507 quod
442 445 485 506 cs,
517 446 641 510 semper
664 446 734 492 esse
756 434 788 492 te
812 427 927 510 cogita.
975 425 1113 493 Stultum
1137 435 1185 493 est
1207 448 1316 494 eorum

226 539 259 589 27
277 529 466 611 meminisse,
491 537 620 615 propter
643 551 725 613 quae
748 531 794 595 tui
818 531 1023 597 obliviscaris.
1061 532 1182 610 Quibus
1198 532 1316 598 bellum

277 655 340 698 non
362 634 513 715 intuleris,
545 635 636 700 bonis
667 635 777 701 amicis
806 635 924 724 poteris
948 636 1003 700 uti.
1048 636 1132 700 Nam
1155 643 1186 702 et
1208 636 1317 701 firmis-

278 738 358 803 sima
381 745 428 803 est
451 738 532 803 inter
554 759 647 824 pares
671 739 810 804 amicitia
832 747 864 806 et
886 739 1034 806 videntur
1049 761 1151 824 pares,
1177 741 1230 823 qui
1253 761 1316 804 non

226 849 259 901 28
277 842 421 908 fecerunt
444 843 524 908 inter
547 864 581 908 se
608 844 783 928 periculum
806 844 927 909 virium.
975 845 1062 922 Quos
1085 845 1209 926 viceris,
1242 846 1317 910 ami·

278 967 331 1012 cos
361 947 419 1011 tibi
449 967 519 1013 esse
549 961 629 1013 'cave
660 947 788 1013 credas:
823 948 904 1013 inter
935 947 1097 1014 dominum
1127 957 1159 1014 et
1189 969 1315 1014 servum

276 1052 364 1115 nulla
386 1052 525 1116 amicitia
548 1059 604 1133 est,
636 1052 731 1117 etiam
761 1052 793 1116 in
823 1073 903 1137 pace
936 1053 1009 1119 belli
1032 1060 1139 1118 tamen
1161 1053 1231 1118 iura
1254 1073 1317 1118 ser-

226 1163 400 1222 novantur.
439 1155 578 1220 Iurando
601 1156 737 1239 gratiam
753 1155 891 1240 Scythas
914 1157 1037 1222 sancire
1060 1179 1100 1222 ne
1123 1157 1315 1222 credideris:

277 1259 409 1324 colendo
435 1259 530 1325 fidem
559 1260 674 1325 iurant.
720 1261 914 1326 Graecorum
943 1262 1005 1327 ista
1036 1262 1140 1326 cautio
1173 1269 1229 1343 est,
1264 1262 1317 1344 qui
1354 1327 1357 1331 .

276 1372 372 1449 pacta
402 1365 589 1448 consignant
619 1372 651 1429 et
681 1365 758 1430 deos
789 1366 954 1431 invocant:
986 1386 1043 1431 nos
1074 1366 1261 1450 religionem
1285 1367 1318 1430 in

276 1469 347 1554 ipsa
368 1468 430 1533 fide
454 1469 609 1553 ponimus.
657 1469 719 1546 Qui
741 1491 804 1534 non
826 1477 1009 1536 reverentur
1025 1470 1178 1551 homines,
1203 1470 1318 1535 fallunt

277 1572 363 1638 deos.
411 1574 479 1638 Nec
502 1573 560 1638 tibi
582 1573 684 1638 amico
711 1593 791 1658 opus
822 1582 879 1656 ost,
910 1573 950 1639 de
982 1575 1072 1640 cuius
1102 1575 1318 1641 benivolentia

226 1688 260 1739 30
278 1676 413 1742 dubites.
458 1677 605 1742 Ceterum
638 1698 695 1743 nos
730 1686 761 1743 et
794 1677 891 1744 Asiae
926 1686 957 1743 et
988 1680 1135 1764 Europae
1167 1679 1317 1744 custodes

278 1781 428 1847 habebis:
453 1782 577 1862 Bactra,
598 1782 658 1847 nisi
681 1781 802 1847 dividat
830 1782 957 1864 Tanais,
983 1784 1203 1866 contingimus,
1234 1785 1319 1848 ultra

276 1885 399 1950 Tanain
422 1905 521 1967 usque
552 1885 594 1950 ad
616 1886 786 1951 Thraciam
816 1887 957 1968 colimus,
989 1887 1145 1952 Thraciae
1170 1886 1319 1952 Macedo·
1481 1959 1482 1974 χ

277 1990 362 2054 niam
385 1990 585 2054 coniunctam
615 2011 686 2055 esse
716 1990 803 2055 fama
833 1991 903 2056 fert.
950 1991 1083 2073 Utrique
1106 1991 1238 2075 imperio
1261 1998 1316 2054 tuo

276 2095 423 2159 finitimos
446 2095 555 2159 hostes
579 2117 619 2158 an
642 2095 761 2160 amicos
785 2096 864 2161 velis
888 2115 968 2176 esse,
994 2094 1190 2160 considera'.·
1226 2095 1316 2160 Haec

278 2199 438 2265 barbarus.

737 2306 801 2358 om
820 2305 866 2358 IX.

245 2425 257 2474 1
381 2407 499 2472 Contra
520 2429 577 2472 rex
600 2408 727 2472 fortuna
749 2429 807 2473 sua
829 2415 861 2473 et
892 2407 1030 2472 consiliis
1053 2428 1162 2472 eorum
1185 2427 1220 2472 se
1242 2427 1314 2471 usu·
1326 2406 1372 2478 36
1482 2447 1483 2450 κ

277 2533 346 2578 rum
369 2533 439 2578 esse
462 2511 649 2597 respondet:
681 2535 755 2577 nam
779 2520 810 2578 et
833 2512 1001 2597 fortunam,
1032 2512 1082 2576 cui
1106 2510 1253 2592 confidat,
1285 2519 1318 2577 et

278 2617 443 2682 consilium
465 2615 673 2698 suadentium,
697 2639 737 2682 ne
761 2616 837 2699 quid
860 2624 978 2681 temere
995 2624 1027 2682 et
1042 2615 1194 2682 audacter
1209 2615 1317 2696 faciat,

244 2729 466 2787 aseeuturum.
526 2722 733 2804 Dimissisque
768 2722 883 2805 legatis
916 2721 949 2784 in
986 2727 1195 2805 praeparatas
1232 2726 1318 2784 rates

277 2827 452 2892 'exercitum
474 2826 631 2910 imposuit.
656 2827 694 2890 In
717 2826 818 2910 proris
842 2826 995 2910 clipeatos
1019 2826 1189 2904 locaverat,
1213 2824 1316 2888 iussos

278 2931 310 2995 in
333 2952 439 3014 genua
462 2929 634 3011 subsidere,
667 2951 728 3013 quo
758 2930 889 2995 tutiores
920 2936 1026 2994 essent
1057 2927 1211 2994 adversus
1235 2928 1316 2992 ictus

244 3051 259 3100 3
278 3037 473 3119 sagittarum.
509 3037 585 3100 Post
604 3035 673 3116 hos,
697 3035 750 3117 qui
775 3041 932 3099 tormenta
954 3032 1162 3114 intenderent,
1180 3032 1316 3112 stabant,

279 3149 310 3205 et
340 3143 381 3206 ab
415 3148 546 3222 utroque
576 3141 675 3205 latore
710 3147 741 3204 et
770 3161 791 3203 a
820 3139 923 3203 fronte
958 3136 1144 3202 circumdati
1177 3136 1315 3200 armatis.

279 3246 411 3328 Reliqui,
436 3245 488 3326 qui
512 3251 584 3329 post
606 3250 763 3308 tormenta
779 3243 992 3323 constiterant,
1016 3241 1170 3323 remigem
1185 3240 1316 3304 loricam

278 3373 341 3414 noo
377 3349 520 3413 indutum
553 3355 712 3414 scutorum
745 3346 904 3412 testudine
942 3345 1055 3410 armati
1091 3343 1313 3430 protegebant.

244 3454 370 3518 tldem
393 3452 469 3518 ordo
492 3453 608 3517 inillis
639 3472 763 3534 quoque
792 3450 921 3530 ratibus,
954 3470 1035 3532 quae
1062 3449 1200 3530 equitem
1223 3446 1318 3512 vehe-

278 3559 364 3638 bant,
396 3564 539 3622 servatus
562 3563 619 3621 est.
665 3555 766 3619 Maior
796 3575 869 3639 pars
893 3575 912 3618 a
935 3575 1041 3638 puppe
1071 3559 1185 3617 nantes
1215 3571 1315 3633 equos

279 3662 353 3726 loris
383 3661 538 3726 trahebat.
586 3660 627 3724 At
665 3660 744 3740 illos,
776 3678 854 3740 quos
884 3665 969 3722 utres
1008 3661 1166 3722 sarmento
1203 3655 1318 3740 repleti

245 3766 448 3846 ovehebant,
473 3764 617 3829 obiectae
646 3770 731 3828 rates
761 3762 938 3827 tuebantur.
985 3762 1059 3846 Ipse
1081 3781 1139 3824 rex
1170 3779 1242 3824 oum
1265 3757 1318 3823 de-

279 3869 369 3934 lectis
392 3869 510 3953 primus
532 3874 633 3932 ratem
656 3865 749 3932 solvit
772 3865 858 3931 etin
881 3864 983 3949 ripam
1006 3862 1099 3946 dirigi
1121 3861 1221 3928 iussit.
1259 3860 1317 3926 Oui
