3040 4318
268 206 330 269 142
652 209 682 274 Q.
703 207 916 262 (1111111111

216 422 248 474 18
267 411 456 498 disciplinae
487 411 602 478 fecisse
632 413 794 478 iacturam.
842 413 943 495 Igitur
966 411 1169 476 Bactrianam
1200 409 1301 491 regio-

261 537 336 608 nem
359 518 518 602 petebant.
565 517 630 582 Sed
652 517 800 597 Nicanor,
831 515 1046 581 Parmenionis
1068 515 1160 596 filius,
1193 509 1353 581 1111111122

263 626 364 685 morte
388 628 549 706 correptus
572 641 689 704 magno
716 619 874 685 desiderio
898 620 946 685 sui
976 619 1129 684 affecerat
1160 626 1298 683 cunctos.

214 725 438 806 1911111111
473 725 574 791 omnis
608 732 758 806 maestus,
783 723 931 810 cupiebat
966 721 1094 806 quidem
1128 721 1300 788 subsistere

262 829 365 894 funeri
402 829 565 910 affuturus,
605 829 662 894 sed
700 829 833 913 penuria
878 835 1110 893 commeatuum
1147 827 1300 892 festinare

263 936 408 1016 cogebat.
457 934 568 1017 Itaque
599 933 743 998 Philotas
778 954 849 998 cum
880 932 1003 998 duobus
1033 932 1161 997 milibus
1192 937 1224 996 et
1252 941 1299 993 Dc

260 1037 398 1119 relictus,
431 1045 464 1102 ut
494 1037 577 1102 iusta
607 1035 697 1102 fratri
726 1039 938 1122 persolveret:
969 1037 1039 1121 ipse
1070 1035 1231 1100 contendit
1257 1034 1299 1099 ad

261 1139 404 1207 Bessum.

208 1255 242 1304 20
367 1245 432 1310 Iter
453 1245 585 1310 facienti
615 1245 645 1310 ei
679 1245 804 1310 litterae
834 1245 1009 1311 afferuntur
1038 1267 1058 1309 a
1088 1244 1228 1309 finitimis
1251 1265 1299 1309 sa·

260 1356 431 1435 traparum,
467 1371 484 1415 e
516 1351 629 1433 quibus
664 1351 829 1433 cognoscit
860 1350 994 1415 Bessum
1028 1349 1157 1432 quidem
1190 1347 1298 1413 hostili

260 1454 365 1519 animo
395 1475 560 1519 occurrere
592 1475 663 1518 cum
697 1454 848 1535 exercitu,
884 1461 1024 1519 ceterum
1057 1453 1295 1533 Satibarzanen,

260 1579 353 1640 quem
391 1565 558 1642 satrapeae
592 1557 739 1623 Ariorum
776 1558 845 1643 ipse
883 1557 1099 1642 praefecisset,
1139 1557 1296 1622 defecisse

208 1669 239 1720 21
260 1662 300 1726 ab
338 1683 386 1728 eo.
434 1663 546 1745 Itaque
584 1682 774 1745 quamquam
812 1662 912 1726 Besso
950 1661 1141 1743 imminebat,
1180 1668 1295 1741 tamen,

261 1765 488 1832 Satibarzanen
532 1766 772 1852 opprimendum
809 1767 969 1851 praeverti
1009 1767 1161 1851 optimum
1198 1773 1295 1847 ratus,

258 1870 361 1934 levem
395 1878 587 1935 armaturam
620 1877 652 1935 et
686 1877 848 1953 equestres
884 1871 992 1955 copias
1027 1870 1134 1935 educit
1167 1877 1295 1952 totaque

259 1981 352 2038 nocte
375 1974 486 2039 itincre
510 1981 636 2040 strenue
668 1974 753 2039 facto
780 1973 971 2058 improvisus
994 1973 1079 2039 hosti
1102 1974 1293 2060 supervenit.

207 2077 354 2143 naeuius
378 2079 505 2161 cognito
528 2079 666 2144 adventu
693 2077 914 2144 Satibarzanes
938 2100 1010 2143 cum
1029 2079 1152 2144 duobus
1168 2079 1294 2144 milibus

258 2182 398 2264 equitum
432 2220 472 2230 —
507 2204 566 2248 nce
603 2185 710 2266 plures
748 2179 852 2247 subito
890 2183 1034 2247 contrahi
1071 2190 1218 2268 poterant
1254 2221 1293 2230 —

258 2287 374 2351 Bactra
404 2286 552 2372 perfugit,
585 2287 681 2352 ceteri
711 2287 872 2371 proximos
902 2294 1024 2352 montes
1048 2294 1292 2372 occupaverunt.

206 2399 239 2448 23
258 2393 433 2476 Praerupta
462 2411 558 2475 rupes
589 2399 646 2472 est,
679 2411 741 2474 qua
771 2398 895 2476 spectat
925 2391 1139 2456 occidentem:
1171 2391 1291 2472 eadem,

259 2517 321 2578 qua
343 2496 447 2578 vergit
470 2495 512 2560 ad
535 2496 697 2576 orientem,
721 2495 841 2560 leniore
857 2495 1025 2560 summissa
1041 2495 1171 2578 fastigio
1186 2495 1292 2559 multis

257 2601 423 2666 arboribus
446 2599 551 2665 obsita
573 2620 744 2684 perennem
774 2599 872 2663 habet
895 2599 1022 2680 fontem,
1054 2621 1095 2664 ex
1117 2619 1179 2682 quo
1202 2601 1292 2682 large

257 2725 358 2786 aquae
381 2711 519 2768 manant.
559 2703 715 2769 Circuitus
739 2703 806 2768 cius
835 2714 911 2766 XXX
935 2711 966 2768 et
989 2703 1052 2769 duo
1082 2703 1187 2769 stadia
1210 2725 1292 2768 corn-

204 2816 238 2865 24
255 2808 435 2892 prehendit.
481 2809 518 2872 ln
541 2807 659 2872 vertice
687 2807 839 2873 herbidus
871 2828 1018 2892 campus:
1049 2808 1082 2871 in
1106 2808 1167 2872 hoc
1189 2807 1291 2872 multi-

255 2912 397 2978 tudinem
433 2912 594 2976 imbellem
628 2912 793 2976 considerc
816 2908 934 2978 iubent.
981 2912 1057 2997 Ipsi,
1096 2933 1158 2994 qua
1195 2932 1290 2996 rupes

256 3017 375 3098 decrat,
399 3019 546 3082 arborum
565 3024 693 3081 truncos
710 3023 741 3080 11
757 3036 836 3080 saxa
852 3016 1070 3081 obmoliuntur.
1114 3027 1181 3079 XIII
1203 3016 1291 3080 milia

203 3128 236 3178 25
254 3129 377 3186 armata
399 3127 504 3186 erant:
529 3121 563 3184 in
586 3140 717 3202 quorum
747 3119 911 3184 obsidione
934 3120 1064 3186 Cratero
1086 3119 1198 3185 relicto
1221 3120 1290 3204 ipse

255 3225 484 3291 Satibarzanen
518 3224 607 3306 sequi
641 3223 780 3288 festinat.
832 3224 873 3288 Et
907 3224 981 3306 quia
1013 3225 1141 3307 longius
1174 3223 1288 3288 abesse
1299 3221 1341 3292 23

254 3351 326 3395 cum
349 3336 552 3413 cognoverat,
584 3328 627 3392 ad
658 3328 891 3412 expugnandos
922 3348 987 3410 eos,
1020 3329 1073 3411 qui
1096 3328 1183 3394 edita
1204 3349 1290 3393 mon-

202 3441 234 3490 26
252 3434 330 3498 tium
361 3439 602 3517 occupaverant,
637 3431 728 3496 redit.
775 3431 823 3496 Ac
857 3431 958 3516 primo
992 3433 1158 3517 repurgari
1193 3432 1287 3512 iubet,

253 3537 402 3620 quicquid
425 3536 551 3620 ingredi
572 3541 719 3620 possent:
748 3535 872 3616 deinde,
897 3543 931 3600 ut
954 3537 1162 3601 occurrebant
1185 3536 1289 3602 inviae

253 3648 340 3706 cotes
370 3647 620 3726 praeruptaeque
650 3659 754 3723 rupes,
786 3639 890 3705 irritus
920 3641 1011 3706 labor
1039 3640 1208 3706 videbatur
1237 3640 1290 3705 ob-

203 3753 236 3803 27
255 3752 359 3811 stante
388 3752 510 3809 natura.
558 3745 625 3824 Ille,
658 3750 692 3808 ut
723 3750 791 3808 erat
821 3744 918 3809 animi
948 3764 1074 3829 semper
1097 3745 1288 3812 obluctantis

254 3847 501 3928 difficultatibus
534 3867 605 3911 cum
628 3853 659 3911 et
681 3846 832 3930 progredi
855 3846 987 3912 arduum
1018 3855 1050 3913 ct
1071 3847 1186 3913 reverti
1209 3847 1288 3933 peri·
