3040 4318
393 267 643 321 HISTORIARUM
661 267 875 320 ALEXANDRI
894 267 930 320 IV
952 271 991 319 16.
1170 267 1215 330 85

175 495 273 539 unum
307 474 397 539 illum
430 474 523 555 diem,
559 496 625 558 pro,
661 474 788 538 fortuna
822 474 1003 538 cumulavit.
1050 473 1114 538 Alii
1149 494 1212 556 qua
1233 488 1261 536 11

174 578 399 644 brevissimum
421 579 553 663 patebat
582 578 652 657 iter,
682 578 738 642 alii
768 578 879 643 devios
909 578 1009 643 saltus
1033 585 1064 642 et
1087 578 1213 661 ignotas

175 683 379 765 sequentibus
414 681 511 747 calles
545 683 707 766 petebant.
754 682 861 765 Eques
893 679 1057 766 pedesque
1091 681 1215 747 confusi

175 785 243 850 sine
279 785 369 865 duce,
401 785 532 850 armatis
567 785 714 865 inermes,
749 785 881 868 integris
916 785 1039 850 debiles
1074 784 1215 871 implica·

173 891 298 955 bantur.
346 890 473 956 Deinde
496 887 716 955 misericordia
744 891 777 955 in
806 897 925 956 metum
955 911 1056 972 versa,
1089 891 1143 973 qui
1166 905 1265 956 11-11

174 994 228 1076 qui
258 1015 320 1059 non
351 1000 508 1078 poterant,
538 994 620 1059 inter
650 1001 776 1059 mutuos
807 994 944 1077 gemitus
975 994 1212 1060 deserebantur.

174 1099 251 1164 Sitis
273 1099 444 1184 praecipue
467 1097 621 1182 fatigatos
654 1105 685 1165 11
716 1099 841 1164 saucios
872 1099 1051 1184 perurebat,
1082 1101 1213 1184 passim·

174 1223 235 1284 que
255 1203 400 1269 omnibus
416 1201 492 1269 rivis
516 1209 754 1287 prostraverant
770 1222 912 1288 corpora,
936 1201 1214 1288 praeterfluentem

171 1327 289 1389 aquam
313 1306 414 1371 hianti
436 1327 491 1372 ore
515 1313 689 1393 captantes.
726 1307 829 1384 Quam
852 1327 924 1371 cum
946 1306 1040 1372 avide
1055 1307 1213 1373 turbidam
1233 1323 1265 1372 13

174 1410 363 1493 hausissent,
395 1411 607 1478 tendebantur
637 1412 798 1495 extemplo
829 1410 1017 1496 praecordia
1049 1419 1213 1496 premente

172 1515 258 1595 limo,
289 1516 504 1598 resolutisque
535 1523 567 1581 et
589 1514 789 1600 torpentibus
812 1514 973 1595 membris,
1010 1534 1082 1579 cum
1105 1534 1213 1599 super-

172 1619 314 1686 venisset
337 1620 446 1702 hostis,
473 1621 564 1686 novis
588 1618 774 1686 vulneribus
798 1619 1026 1685 excitabantur.
1075 1617 1214 1697 Quidam
1233 1635 1265 1684 14

174 1724 338 1808 occupatis
361 1725 514 1809 proximis
544 1725 621 1791 rivis
653 1723 856 1790 deverterant
886 1723 1022 1806 longius,
1054 1731 1096 1804 ut,
1129 1724 1214 1806 quic-

174 1829 251 1910 quid
274 1829 391 1894 ocoulti
414 1829 554 1895 humoris
577 1849 713 1912 usquam
742 1836 895 1909 manaret,
928 1829 1121 1913 exciperent,
1154 1849 1213 1894 nec

173 1935 240 1999 ulla
269 1933 351 2000 adeo
381 1935 454 2001 avia
484 1939 516 2000 11
546 1935 631 2000 11111
664 1936 778 1999 lacuna
813 1941 888 2014 1111,
924 1945 959 1998 ut
987 1934 1214 2017 vestigantium

174 2039 260 2104 sitim
289 2039 423 2105 falleret.
470 2040 497 2103 Ε
528 2038 683 2130 proximis
714 2023 791 2104 vero
824 2038 929 2104 itineri
963 2038 1042 2103 vicis
1076 2037 1213 2117 ululatus
1234 2051 1265 2101 15

174 2163 286 2208 senum
298 2145 549 2228 feminarumque
565 2144 826 2226 exaudiebantur,
846 2143 980 2209 barbaro
996 2143 1058 2208 ritu
1074 2143 1212 2208 Dareum

173 2246 280 2313 adhuc
303 2269 413 2331 regem
437 2247 649 2313 clamantium.

121 2354 164 2425 62
279 2350 472 2432 Alexander,
504 2358 539 2416 ut
562 2371 659 2436 supra
689 2350 809 2414 dictum
839 2357 896 2431 111,
928 2349 1062 2414 inhibito
1086 2369 1214 2414 suorum
1235 2366 1266 2416 16

175 2454 298 2540 impetu
320 2455 363 2520 ad
385 2455 508 2540 Lycum
537 2476 664 2520 amnem
694 2462 891 2540 pervenerat,
923 2454 978 2520 ubi
1000 2454 1115 2537 ingens
1138 2454 1216 2518 mul-

173 2559 277 2624 titudo
301 2559 493 2642 fugientium
516 2567 703 2625 oneraverat
726 2567 865 2644 pontem,
900 2566 931 2623 11
957 2559 1111 2644 plerique,
1144 2579 1215 2622 cum

175 2665 276 2729 hostis
300 2672 440 2747 urgeret,
470 2664 502 2728 in
525 2663 643 2730 flumen
667 2686 701 2731 se
724 2664 1012 2749 praecipitaverant
1035 2683 1215 2746 gravesque

173 2765 270 2834 armis
294 2775 326 2833 11
355 2768 478 2853 proelio
508 2789 547 2833 ac
577 2769 657 2852 fuga
687 2767 855 2851 defatigati
886 2767 1066 2850 gurgitibus
1093 2766 1216 2831 haurie-

174 2872 298 2937 bantur.
351 2873 482 2955 lamque
519 2893 582 2937 non
619 2892 700 2957 pons
737 2873 832 2936 modo
870 2870 1039 2955 fugientes,
1080 2872 1137 2936 sed
1174 2892 1214 2936 111
1236 2885 1267 2934 11

173 2979 276 3042 amnis
306 2977 435 3060 quidem
466 2979 614 3063 capiebat
646 2978 777 3061 agmina
801 2999 858 3042 sua
881 2977 1057 3062 improvide
1081 2976 1216 3041 subinde

175 3081 390 3146 cumulantes:
416 3082 534 3167 quippe
556 3082 611 3147 ubi
628 3081 756 3146 intravit
778 3082 902 3146 animos
925 3101 1033 3165 pavor,
1058 3081 1092 3144 id
1115 3082 1217 3146 solum

174 3193 328 3267 metuunt,
354 3186 439 3268 quod
463 3187 599 3270 primum
623 3186 792 3250 formidare
816 3193 997 3270 coeperunt.
1036 3185 1217 3250 Alexander
1238 3198 1269 3247 18

175 3290 369 3354 instantibus
393 3289 468 3370 suis,
501 3291 631 3374 impune
661 3290 832 3355 abeuntem
863 3289 987 3355 hostem
1018 3290 1218 3374 permitteret

175 3394 276 3476 sequi,
312 3393 441 3459 hebetia
474 3414 545 3459 1111
576 3396 641 3460 1111
675 3402 706 3460 11
739 3415 851 3459 manus
886 3395 1036 3478 fatigatas
1066 3402 1217 3476 tantoque

176 3517 273 3562 cursu
307 3517 441 3582 corpora
478 3498 636 3564 exhausta
671 3505 702 3562 et
736 3518 894 3583 praeceps
928 3498 961 3561 in
995 3505 1121 3563 noctem
1156 3497 1218 3562 diei

176 3607 304 3684 tempus
328 3609 477 3665 causatus
509 3609 566 3674 est,
614 3603 660 3667 Re
690 3623 767 3668 1111
798 3602 839 3666 de
870 3604 962 3667 laevo
993 3622 1099 3683 cornu,
1132 3602 1218 3684 quod
1238 3616 1269 3665 19

175 3704 282 3769 adhuc
305 3704 337 3769 in
361 3703 431 3769 acie
454 3712 540 3769 stare
571 3705 731 3786 credebat,
764 3706 928 3786 sollicitus,
963 3706 1079 3771 reverti
1109 3705 1151 3770 ad
1174 3705 1219 3770 fe·

174 3807 309 3872 rendam
332 3828 426 3893 opem
457 3809 523 3874 suis
554 3809 672 3876 statuit.
720 3810 852 3892 Iamque
883 3811 977 3893 signa
1007 3817 1217 3890 converterat,

175 3931 248 3975 cum
279 3911 401 3993 equites
432 3932 451 3976 a
481 3911 693 3977 Parmenione
723 3900 812 3977 missi
844 3913 928 3977 illius
960 3931 1085 3994 quoque
1116 3913 1215 3996 partis
