2976 4322
256 158 319 222 216
649 159 678 223 Q.
699 157 807 210 GURTI
826 159 912 212 RUFI

256 364 316 428 hoc
340 384 403 428 uno
426 365 521 429 'modo
546 372 577 428 et
596 364 750 448 pudorem
765 365 858 430 victis
875 372 906 429 et
923 366 1105 449 superbiam
1121 365 1296 430 victoribus

204 477 236 526 aa
256 468 380 532 detrahi
417 488 521 552 posse.
568 465 726 532 Achillem
761 489 896 552 quoque,
933 489 953 532 a
990 489 1052 550 quo
1086 489 1188 552 genus
1226 469 1296 552 ipse

256 572 436 652 deduceret,
469 571 541 636 curn
572 572 701 656 captiva
731 573 851 637 coisse:
883 593 922 637 ne
953 571 1062 638 inferri
1092 571 1184 637 nefas
1215 573 1298 638 arbi-

255 683 384 757 trentur,
418 677 508 741 illam
542 676 733 740 matrimonii
766 677 834 741 iure
865 663 948 742 uelle
981 667 1081 759 iungi.
1127 677 1296 761 Insperato

97 769 98 774 ἵ
204 788 236 836 27
255 781 374 863 gaudio
398 771 506 846 lactus
523 787 614 864 pater
644 801 821 846 sermonem
853 781 921 846 eius
945 781 1073 866 excipit.
1120 781 1161 844 ut
1183 801 1240 845 rex
1263 781 1297 843 in

255 886 360 951 modio
385 885 568 970 cupiditatis
584 885 698 950 ardore
713 885 806 950 iussit
833 885 942 950 afferri
958 885 1061 970 patrio
1077 905 1165 949 more
1181 905 1297 968 panem

256 989 382 1055 -hoo
413 997 480 1055 erat
510 990 597 1074 apud
620 989 815 1055 Macedonas
846 989 1082 1054 sanctissimum
1113 989 1297 1053 coeuntium

204 1099 237 1150 28
255 1096 371 1178 pignus
396 1131 436 1140 -
461 1115 554 1177 quem
578 1095 715 1159 divisum
742 1093 851 1176 gladio
867 1101 1001 1176 uterque
1024 1093 1155 1158 libabat.
1191 1092 1296 1158 Oredo

256 1219 322 1279 eos,
357 1199 410 1281 qui
440 1199 545 1282 gentis
575 1219 679 1263 mores
710 1198 928 1278 condiderunt,
964 1217 1061 1281 parco
1096 1203 1128 1261 et
1159 1197 1296 1280 parabili

254 1303 341 1367 victu
364 1303 531 1368 ostendere
555 1303 695 1368 voluisse
718 1303 922 1385 iungentibus
942 1322 1029 1385 opes,
1055 1301 1207 1383 quantulo
1224 1322 1297 1366 con-

204 1411 236 1461 29
254 1407 333 1471 tenti
356 1427 427 1472 esse
459 1407 619 1472 deberent.
666 1407 736 1472 Hoc
760 1406 855 1472 modo
885 1427 942 1470 rex
965 1405 1063 1471 Asiae
1094 1412 1125 1470 et
1147 1405 1296 1490 Europae

254 1510 467 1575 introductam
503 1512 586 1575 inter
623 1509 806 1576 convivales
851 1511 944 1576 ludos
989 1509 1189 1575 matrimonio
1235 1510 1296 1576 sibi

255 1615 409 1694 adiunxit,
442 1636 459 1680 e
483 1616 610 1699 captiva
633 1615 807 1698 geniturus,
841 1615 894 1696 qui
917 1615 1091 1679 victoribus
1114 1614 1294 1698 imperaret.

125 1717 126 1720 ’
205 1723 238 1772 30
256 1718 402 1783 Pudebat
435 1719 555 1784 amicos
590 1739 686 1803 super
719 1720 828 1783 vinum
863 1726 894 1784 et
928 1718 1040 1803 epulas
1075 1738 1221 1783 socerum
1255 1739 1297 1783 ex

107 1826 108 1834 ’
255 1823 371 1888 deditis
395 1844 465 1888 esse
497 1823 664 1901 delectum,
697 1823 754 1888 sed
784 1829 857 1906 post
881 1822 954 1887 Cliti
985 1821 1118 1886 caedem
1148 1821 1297 1887 libertate

255 1927 380 1992 sublata
402 1927 501 2007 vultu,
527 1928 580 2009 qui
603 1927 741 1991 maxime
765 1927 872 2006 servit,
895 1925 1159 1992 assentiebantur.

717 2120 782 2173 Gar.
801 2119 833 2172 V.

222 2244 234 2292 1
359 2239 505 2304 Ceterum
536 2239 661 2303 Indiam
692 2245 723 2303 et
752 2237 827 2302 inde
857 2236 1020 2303 Oceanum
1051 2237 1215 2322 petiturus,
1251 2257 1293 2301 ne
1310 2239 1349 2311 l'l

256 2342 332 2424 quid
354 2363 374 2406 a
396 2351 496 2425 tergo,
511 2343 597 2424 quod
613 2342 772 2407 destinata
786 2341 941 2426 impedire
956 2348 1077 2426 posset,
1099 2348 1294 2421 moveretur,

255 2467 295 2510 ex
319 2447 464 2511 omnibus
487 2447 659 2530 provinciis
678 2455 755 2508 XXX
778 2445 1045 2510 milia'iuniorum
1068 2445 1133 2528 legi
1154 2445 1247 2510 iussit
1263 2451 1296 2509 et

255 2549 296 2612 ad
320 2570 354 2614 se
377 2557 499 2614 armata
517 2550 658 2634 perduci,
684 2550 812 2614 obsides
829 2550 923 2615 simul
938 2550 1103 2614 habiturus
1120 2556 1151 2614 et
1166 2549 1294 2613 milites.

221 2660 236 2707 2
259 2654 421 2718 Craterum
444 2662 550 2718 autem
565 2655 607 2718 ad
630 2653 868 2738 persequendos
884 2653 1072 2718 Haustanen
1095 2660 1126 2718 et
1141 2652 1296 2732 Catenen,

255 2759 308 2838 qui
330 2759 371 2822 ab
393 2759 464 2842 ipso
489 2757 681 2838 defecerant,
706 2759 807 2822 misit:
832 2777 967 2839 quorum
982 2757 1165 2822 Haustanes
1181 2764 1295 2841 captus

255 2869 311 2942 est,
351 2861 486 2927 Oatenes
523 2863 556 2925 in
594 2863 713 2946 proelio
749 2862 884 2926 occisus.
931 2861 1132 2945 Polypercon
1166 2881 1295 2942 quoque

254 2966 426 3048 regionem,
445 2986 526 3048 quae
542 2966 713 3030 Bubacene
729 2966 918 3050 appellatur,
935 2966 967 3029 in
984 2965 1141 3030 dicionem
1157 2965 1293 3047 redegit.

221 3078 235 3125 3
255 3070 366 3151 ltaque
383 3069 528 3135 omnibus
541 3070 725 3154 compositis
745 3069 955 3151 cogitationes
971 3069 1004 3133 in
1016 3069 1135 3134 bellum
1147 3068 1295 3132 Indicum

255 3173 356 3238 vertit.
403 3173 501 3238 Dives
536 3175 624 3256 regio
659 3173 837 3240 habebatur
875 3195 938 3238 non
976 3194 1053 3238 auro
1091 3173 1195 3254 mod0,
1235 3173 1295 3238 sed

253 3277 388 3358 gemmis
419 3298 544 3360 quoque
574 3278 826 3361 margaritisque,
858 3277 900 3341 ad
930 3278 1040 3341 luxum
1070 3277 1173 3360 magis
1197 3297 1294 3358 quam

220 3381 296 3445 lad
329 3381 596 3463 magnificentiam
631 3382 766 3446 exculta.
823 3380 921 3446 Periti
955 3381 1108 3446 militares
1146 3401 1223 3446 auro
1262 3388 1295 3444 et

254 3485 349 3550 ebore
373 3485 497 3568 fulgere
521 3485 688 3550 dicebant:
719 3487 837 3568 itaque,
861 3485 977 3550 necubi
1000 3486 1187 3565 vinceretur,
1220 3505 1294 3548 cum

254 3590 367 3654 ceteris
391 3597 575 3673 praestaret,
600 3591 698 3655 scutis
721 3597 890 3672 argenteas
913 3589 1045 3671 lamnas,
1070 3589 1160 3671 equis
1184 3588 1293 3654 frenos

254 3712 368 3758 aureos
392 3693 526 3771 addidit,
550 3694 666 3759 loricas
691 3714 817 3779 quoque
840 3692 921 3758 alias
944 3714 1031 3774 auro,
1055 3693 1134 3758 alias
1158 3699 1292 3774 argento

254 3795 429 3860 adornavit.
474 3805 545 3858 CXX
565 3796 653 3861 milia
675 3804 867 3861 armatorum
890 3805 988 3876 erant,
1014 3816 1095 3879 quae
1117 3817 1227 3878 regem
1248 3796 1292 3860 ad
