3040 4318
266 210 308 273 62
651 210 682 275 Q.
702 209 812 264 CURTI
830 210 917 265 RUFI

264 415 350 481 amni
381 420 451 480 orta
480 415 613 480 luctatio
644 420 702 495 est,
738 414 920 499 cumulique
953 417 1158 498 sarcinarum,
1182 415 1301 502 passim

212 531 246 580 20
263 519 436 601 fluitantes,
457 519 627 604 plerosque
657 520 867 604 perculerant.
914 520 983 586 Rex
1005 541 1145 606 monere,
1167 528 1202 585 ut
1224 521 1302 586 satis

263 621 418 687 haberent
454 641 544 717 arma
581 621 737 687 retinere:
768 628 876 688 cetera
912 643 948 688 se
981 621 1190 690 redditurum.
1237 623 1302 690 Sed

263 747 368 810 neque
398 726 567 792 consilium
597 747 701 810 neque
735 727 905 813 imperium
939 729 1043 815 accipi
1077 735 1216 814 poterat:
1250 729 1302 794 ob

265 831 427 915 strepebat
449 830 523 896 hino
547 836 660 911 metus,
693 838 823 916 praeter
845 831 929 896 hunc
951 833 1089 898 invicem
1112 833 1302 898 luctantium

213 947 245 996 21
266 942 395 1001 mutuus
432 936 561 1000 clamor.
611 934 765 1016 Tandem,
803 956 868 1018 qua
903 937 1023 1002 leniore
1060 945 1165 1004 tractu
1201 937 1303 1003 amnis

265 1038 370 1124 aperit
391 1036 519 1118 vadum,
551 1057 720 1123 emersere,
750 1039 1005 1123 necquicquam
1031 1047 1162 1126 praeter
1184 1060 1302 1125 paucas

213 1155 247 1204 22
266 1142 407 1209 sarcinas
438 1141 657 1207 desideratum
688 1147 746 1207 est.
793 1143 903 1208 Deleri
937 1144 1038 1229 potuit
1072 1144 1240 1226 exercitus,
1276 1144 1303 1208 si

265 1247 338 1332 quis
368 1246 497 1310 vincere
527 1265 626 1312 ausus
655 1252 748 1329 esset,
782 1246 839 1312 sed
870 1255 1025 1332 perpetua
1059 1247 1187 1313 fortuna
1215 1248 1303 1331 regis

265 1350 382 1416 avertit
404 1349 479 1414 inde
494 1349 628 1414 hostem.
667 1349 720 1415 Sic
737 1349 922 1433 Granicum,
946 1357 993 1416 tot
1009 1352 1138 1418 milibus
1160 1352 1303 1434 equitum

265 1455 475 1540 peditumque
504 1454 537 1518 in
568 1454 719 1519 ulteriore
754 1454 912 1520 stantibus
935 1455 1016 1541 ripa,
1047 1456 1222 1541 superavit,
1256 1455 1302 1521 sic

265 1559 412 1642 angustis
458 1557 491 1622 iu
537 1556 669 1622 Ciliciae
722 1557 856 1623 callibus
901 1566 1025 1624 tantam
1069 1559 1302 1624 multitudinem

213 1679 247 1729 23
265 1663 423 1729 hostium:
459 1661 615 1727 audaciae
646 1679 781 1744 quoque,
814 1679 878 1744 qua
908 1662 1048 1729 maxime
1076 1663 1190 1747 viguit,
1221 1663 1302 1728 ratio

265 1754 364 1834 minui
398 1775 513 1853 potest,
550 1766 625 1850 quia
654 1786 827 1850 numquam
863 1767 896 1832 in
925 1765 1098 1834 discrimen
1131 1769 1229 1848 venit,
1262 1790 1303 1833 an
1424 1786 1428 1796 ·

265 1879 387 1938 temere
408 1869 549 1937 fecisset.
595 1870 757 1953 Mazaeus,
782 1871 846 1954 qui,
874 1871 902 1936 si
925 1873 1164 1938 transeuntibus
1185 1870 1303 1936 flumen

265 1975 512 2062 supervenisset,
536 1974 624 2040 haud
646 1974 744 2040 dubie
759 1995 971 2061 oppressurus
988 1975 1050 2042 fuit
1065 1977 1302 2061 incompositos

213 2096 247 2145 24
266 2082 298 2145 in
313 2082 383 2165 ripa
399 2079 527 2145 demum
543 2085 574 2145 et
589 2080 654 2144 iam
669 2079 858 2164 perarmatis
873 2080 1061 2164 adequitare
1077 2081 1192 2167 coepit.
1215 2081 1302 2146 Mille

264 2185 439 2251 admodum
462 2183 585 2268 equites
608 2184 827 2269 praemiserat.
873 2185 1015 2262 Quorum
1032 2185 1195 2272 paucitate
1210 2186 1301 2251 Alex-

264 2289 365 2356 ander
387 2289 563 2373 explorata,
586 2287 704 2354 deinde
727 2294 911 2373 contempta
926 2289 1125 2373 praefectum
1140 2291 1303 2355 Paeonum

213 2409 246 2458 25
266 2395 413 2475 equitum
429 2392 580 2457 Aristona
594 2392 712 2457 laxatis
732 2392 866 2458 habenis
889 2391 998 2457 invehi
1021 2392 1124 2459 iussit.
1162 2392 1303 2476 Insignis
1369 2378 1376 2396 ‘

265 2521 302 2565 eo
338 2498 391 2563 die
428 2517 539 2582 pugna
577 2496 720 2580 equitum
754 2503 786 2560 et
820 2497 995 2581 praecipue
1029 2493 1188 2563 Aristonis
1226 2496 1301 2561 fuit:

264 2603 462 2688 praefectum
492 2602 654 2685 equitatus
684 2603 856 2666 Persarum
888 2602 1077 2686 Satropaten
1111 2599 1234 2668 directa
1270 2601 1302 2664 in
1420 2585 1427 2600 '

266 2711 375 2790 guttur
396 2705 491 2770 hasta
513 2704 672 2770 transfixit
695 2704 939 2788 fugientemque
969 2723 1026 2789 per
1048 2703 1171 2770 medios
1193 2704 1303 2770 hostes

266 2817 456 2875 consecutus
487 2829 528 2872 ex
559 2827 641 2890 equo
672 2807 897 2893 praecipitavit
927 2813 960 2873 et
989 2808 1163 2873 obluctanti
1194 2808 1303 2890 gladio

268 2920 366 3000 caput
388 2913 543 2997 dempsit:
568 2911 654 2994 quod
683 2911 819 2977 relatum
852 2932 970 2995 magna
999 2931 1071 2977 cum
1101 2911 1199 2977 laude
1228 2919 1303 2977 ante

265 3018 352 3102 regis
374 3017 474 3102 pedes
497 3017 614 3102 posuit.

727 3191 791 3245 Ose.
809 3191 842 3244 X.

232 3348 245 3396 1
369 3328 473 3394 Biduo
496 3326 541 3394 ibi
564 3329 680 3394 stativa
699 3349 756 3393 rex
779 3328 907 3394 habuit:
931 3329 964 3392 in
987 3328 1168 3414 proximum
1184 3327 1300 3394 deinde
1311 3330 1354 3402 39

230 3433 463 3519 apronuntiari
497 3434 558 3497 iter
591 3433 692 3499 iussit.
745 3432 811 3499 Sed
845 3433 949 3518 prima
982 3435 1051 3499 fere
1084 3432 1195 3516 vigilia
1228 3433 1304 3498 luna

265 3539 417 3606 deficiens
440 3538 578 3623 primum
608 3539 744 3604 nitorem
775 3537 889 3604 sideris
920 3539 970 3604 sui
1000 3537 1153 3619 condidit,
1185 3536 1303 3604 deiude

265 3644 431 3728 sanguinis
462 3645 567 3709 colore
596 3643 718 3708 suffuso
748 3645 855 3708 lumen
885 3665 978 3708 omne
1008 3641 1159 3723 foedavit,
1190 3641 1304 3708 sollici·

266 3750 371 3832 tisque
394 3749 453 3814 sub
476 3750 581 3833 ipsum
604 3749 683 3814 tanti
707 3748 900 3814 discriminis
923 3769 1033 3814 casum
1056 3748 1172 3831 ingens
1189 3746 1303 3830 religio

233 3867 249 3916 3
268 3861 300 3919 et
323 3874 363 3917 ex
386 3873 426 3917 ea
448 3853 583 3918 formido
613 3853 771 3935 quaedam
800 3853 929 3918 incussa
952 3860 1008 3918 est.
1055 3851 1116 3924 Dis
1138 3850 1247 3916 invitis
1269 3850 1304 3914 in
