3040 4318
313 228 375 293 130
701 231 731 296 o.
753 229 860 283 cunm
878 229 966 284 num

309 442 454 519 repertus
479 441 528 500 est
550 433 717 517 Oxathres,
749 436 848 501 Darei
878 435 985 516 frater,
1016 457 1079 501 non
1108 435 1194 500 illius
1218 435 1345 502 fortuna

259 552 291 602 lo
309 560 404 621 quam
434 539 540 604 indole
570 540 666 604 animi
698 540 747 605 sui
777 539 900 604 clarior.
949 550 1039 603 XXVI
1062 540 1160 602 milio
1190 541 1344 604 talentum

306 643 452 728 proxima
475 643 596 728 praeda
618 644 749 709 redacta
772 651 877 709 erant:
901 664 919 708 e
942 641 1056 726 quibus
1073 641 1242 708 duodecim
1256 643 1345 708 milia

305 748 338 812 in
351 749 547 831 congiarium
563 748 700 813 militum
716 749 886 832 absumpta
902 755 983 814 sunt.
1018 748 1081 812 Par
1096 746 1172 811 huic
1187 747 1342 832 pecuniae

255 864 285 913 11
305 871 428 916 summa
451 851 617 918 custodum
646 851 759 916 fraude
791 853 952 917 subtracta
976 859 1032 917 est.
1079 849 1245 934 Oxydates
1276 858 1343 916 erat

304 957 420 1021 nobilis
451 956 581 1021 Perses:
616 979 636 1020 a
669 957 775 1021 Dareo
811 956 940 1040 capitali
974 955 1130 1041 supplicio
1165 955 1341 1020 destinatus

305 1059 513 1126 cohibebatur
535 1060 568 1124 in
590 1059 741 1124 vinculis:
766 1060 840 1124 huic
863 1060 996 1125 liberato
1020 1067 1200 1144 satrapeam
1215 1058 1340 1123 Mediae

303 1165 446 1229 attribuit
465 1165 658 1246 fratremque
676 1164 775 1228 Darei
794 1163 915 1249 recepit
930 1163 962 1227 in
978 1165 1141 1228 cohortem
1156 1162 1340 1243 amicorum,

303 1269 387 1334 omni
410 1275 555 1334 vetustae
579 1268 732 1333 claritatis
755 1269 875 1333 honore
898 1275 1035 1333 servato.

253 1385 284 1434 12
406 1373 490 1437 Hinc
513 1372 545 1436 in
567 1373 760 1437 Parthienen
782 1380 968 1457 perventum
991 1379 1047 1452 est,
1071 1379 1146 1436 tunc
1161 1361 1369 1454 ignobilemli

302 1484 438 1560 gentem,
473 1497 555 1541 nune
590 1483 685 1561 caput
719 1477 865 1557 omnium,
901 1477 964 1558 qui,
987 1483 1060 1560 post
1093 1475 1278 1560 Euphraten
1309 1482 1340 1540 et

251 1592 282 1641 13
301 1581 424 1664 Tigrim
457 1600 566 1645 amnes
601 1579 661 1660 siti,
696 1581 791 1645 rubro
814 1579 893 1644 mari
926 1580 1142 1644 terminantur.
1197 1571 1357 1662 Scythae

301 1685 466 1768 regionem
489 1690 699 1768 campestrem
725 1705 763 1748 ae
786 1685 923 1749 fertilem
947 1690 1188 1768 occupaverunt,
1221 1703 1337 1765 graves

301 1789 407 1853 adhuc
431 1788 569 1853 accolae.
606 1786 706 1853 Sedes
729 1789 850 1853 habent
873 1795 904 1853 et
926 1787 960 1851 in
982 1787 1110 1872 Europa
1133 1787 1219 1854 etin
1242 1786 1335 1851 Asia:

302 1893 355 1974 qui
378 1913 474 1976 super
496 1892 674 1976 Bosporum
709 1894 822 1973 colunt,
854 1892 1053 1957 ascribuntur
1075 1891 1190 1956 Asiae:
1222 1898 1255 1955 at
1285 1891 1337 1973 qui

300 1997 332 2060 in
354 1997 483 2080 Europa
506 2004 585 2076 sunt,
609 2017 629 2060 a
651 1998 742 2062 laevo
758 1997 916 2061 Thraciae
932 1997 1030 2062 latere
1046 1995 1088 2060 ad
1104 1995 1337 2079 Borysthenem

299 2108 393 2183 atque
426 2099 501 2165 inde
538 2101 580 2165 ad
616 2101 750 2165 Tanaim
790 2101 899 2183 [alium
936 2102 1073 2182 amnem]
1113 2107 1201 2165 recta
1238 2101 1336 2184 plaga

249 2217 281 2266 14
299 2205 440 2270 attinent.
487 2206 604 2270 Tanais
627 2205 788 2290 Europam
818 2211 850 2270 et
880 2205 990 2269 Asiam
1020 2205 1146 2270 medius
1175 2203 1334 2269 interfluit.

298 2309 366 2375 Nee
397 2310 566 2390 dubitatur,
602 2310 676 2392 quin
711 2309 862 2392 Scythae,
898 2310 950 2392 qui
985 2309 1121 2374 Parthos
1152 2305 1333 2389 condidere,

263 2449 264 2452 =
298 2433 361 2478 non
383 2435 403 2477 a
425 2415 577 2498 Bosporo,
611 2415 669 2478 sed
699 2435 739 2478 ex
762 2414 909 2498 Europae
931 2413 1062 2495 regione
1086 2413 1333 2497 penetraverint.

249 2529 279 2580 15
298 2517 382 2584 Urbs
406 2525 473 2582 erat
497 2540 534 2583 ea
557 2525 746 2603 tempestate
771 2519 857 2582 clara
880 2517 1140 2602 Hecatompylos,
1166 2518 1293 2582 condita
1315 2539 1335 2583 a

298 2621 445 2688 Graecis:
480 2623 524 2687 ibi
558 2623 674 2688 stativa
704 2644 761 2688 rex
783 2623 905 2703 habuit,
935 2623 1163 2688 commeatibus
1193 2621 1333 2704 undique

297 2726 449 2792 advectis.
485 2727 597 2809 Itaque
612 2748 724 2808 rumor,
750 2726 842 2792 otiosi
858 2727 967 2790 militis
983 2726 1102 2807 vitium,
1120 2722 1188 2791 sine
1204 2733 1333 2790 auctore

297 2832 483 2916 percrebuit,
515 2852 634 2913 regem,
659 2838 839 2896 contentum
865 2831 969 2911 rebus,
994 2851 1073 2912 quas
1105 2831 1268 2913 gessisset,
1300 2831 1332 2894 in

247 2947 277 2996 16
297 2935 515 3001 Macedoniam
538 2935 679 3020 protinus
710 2935 814 3000 redire
841 2935 998 3000 statuisse.
1034 2934 1230 3015 Discurrunt,
1254 2935 1333 3018 lym-

296 3039 403 3124 phatis
427 3039 554 3120 similes,
580 3040 615 3103 in
636 3039 843 3104 tabernacula
866 3046 898 3103 et
920 3035 1024 3103 itineri
1040 3038 1181 3103 sarcinas
1204 3045 1330 3122 aptant:

296 3143 422 3225 signum
445 3143 553 3208 datum
577 3143 731 3224 crederes,
755 3150 790 3207 ut
812 3163 891 3208 vasa
914 3143 1101 3225 colligerent
1115 3142 1191 3207 totis
1208 3142 1329 3206 eastris

295 3247 461 3312 Tumultus
495 3247 570 3312 hinc
602 3247 842 3312 contubernales
877 3266 951 3311 suos
984 3245 1220 3329 requirentium,
1256 3245 1330 3309 hine

244 3361 275 3410 17
295 3351 490 3416 onerantium
505 3353 646 3436 plaustra
661 3351 818 3435 perfertur
840 3351 882 3415 ad
903 3371 1022 3434 regem.
1058 3351 1212 3414 Fecerant
1235 3348 1329 3414 fidem

294 3455 411 3519 rumori
428 3461 546 3519 temere
565 3456 698 3538 vulgato
715 3455 829 3521 Graeci
851 3455 978 3539 milites,
992 3453 1096 3519 redire
1112 3453 1192 3518 iussi
1208 3453 1328 3534 domoS,

294 3579 426 3641 quorum
449 3559 605 3641 equitibus
628 3560 763 3641 singulis
780 3548 1035 3623 denarium'sena
1050 3557 1145 3638 milia,
1163 3557 1330 3642 peditibus

294 3663 423 3748 singola
461 3662 595 3726 dederat
632 3663 748 3726 mitio:
785 3662 864 3746 ipsis
902 3681 1027 3744 quoque
1064 3660 1159 3725 finem
1196 3660 1328 3724 militiae

241 3779 273 3829 18
291 3766 405 3831 adesse
429 3765 610 3833 credebant.
656 3766 752 3830 Haud
775 3785 877 3846 secus,
894 3786 988 3847 quam
1010 3786 1068 3850 par
1091 3772 1166 3844 erat,
1191 3765 1326 3844 territus,

293 3869 346 3951 qui
377 3869 473 3934 Indos
508 3877 602 3951 atque
636 3869 748 3934 ultima
778 3867 914 3933 Orientis
948 3887 1121 3953 peragrare
1155 3868 1325 3948 statuisset,
