3028 4322
281 211 323 274 38
670 210 700 276 q.
720 207 829 263 curru
847 211 934 266 auur

282 437 355 482 suos
385 437 513 482 monere
544 423 723 501 coeperunt,
754 424 788 481 ut
817 438 936 501 regem,
968 438 1061 499 quem
1091 417 1193 501 Syria,
1223 437 1317 500 quem

281 521 441 588 Phoenice
454 521 636 606 recepisset,
653 521 715 606 ipsi
729 542 855 605 quoque
869 523 979 588 urbem
993 523 1109 588 intrare
1124 530 1318 609 paterentur.

247 626 325 692 7At
347 626 402 708 illi,
426 627 497 691 loco
521 625 597 691 satis
620 625 678 708 fisi,
703 626 900 692 obsidionem
923 627 1007 692 ferre
1029 625 1242 694 decreverant.

385 731 530 813 Namque
565 731 675 796 urbem
708 751 727 794 a
762 729 933 796 continenti
967 737 1115 813 quattuor
1146 730 1356 802 stadiorum8

281 834 396 900 fretum
434 831 564 898 dividit:
603 833 713 898 Africo
751 831 890 899 maxime
925 833 1084 899 obiectum
1118 835 1245 900 crebros
1279 857 1320 900 ex

247 939 346 1005 salto
369 937 482 1003 fluctus
506 937 634 1002 inlitus
658 937 784 1003 evolvit.
830 938 899 1003 Nec
921 937 1108 1023 accipiendo
1132 938 1229 1023 operi,
1257 959 1319 1021 quo

281 1042 473 1108 Macedones
504 1041 676 1108 continenti
705 1041 843 1106 insulam
872 1041 1005 1125 iungere
1038 1043 1200 1127 parabant,
1236 1042 1321 1125 quic-

282 1169 377 1230 quam
408 1146 510 1230 magis
541 1167 635 1229 quam
668 1145 722 1211 ille
755 1153 868 1211 ventus
903 1147 1058 1211 obstabat.
1105 1145 1232 1230 Quippe
1265 1147 1320 1212 vix

281 1251 344 1318 leni
368 1259 399 1317 et
421 1251 591 1334 tranquillo
614 1250 693 1316 mari
715 1251 815 1316 moles
838 1250 892 1335 agi
914 1259 1057 1336 possunt,
1094 1251 1220 1316 Africus
1243 1272 1319 1316 vero

281 1356 382 1441 prima
404 1376 548 1439 quaeque
572 1362 724 1438 congesta
754 1357 847 1440 pulsu
870 1355 945 1420 illisi
968 1356 1063 1420 maris
1087 1356 1226 1421 subruit:
1260 1375 1320 1420 nec

281 1461 345 1525 ulla
377 1468 441 1525 tam
475 1458 564 1524 firma
593 1460 694 1526 moles
725 1467 781 1541 est,
817 1481 911 1543 quam
940 1480 1004 1525 non
1034 1458 1172 1525 exedant
1205 1459 1318 1541 undae,

282 1570 313 1629 et
346 1585 404 1649 per
435 1582 536 1628 nexus
570 1583 701 1648 operum
735 1571 898 1629 manantes
933 1571 972 1644 et,
1008 1563 1062 1629 ubi
1095 1563 1198 1629 aerior
1227 1562 1320 1630 flatus

247 1685 264 1734 9
283 1667 400 1745 existit,
424 1667 538 1732 summi
562 1668 667 1752 operis
690 1668 819 1751 fastigio
843 1667 1039 1752 superfusae.
1086 1669 1216 1733 Praeter
1239 1668 1320 1732 hanc

282 1770 502 1836 difficultatem
525 1771 612 1836 haud
627 1772 728 1837 minor
743 1773 806 1836 alia
822 1779 905 1837 erat:
929 1791 1035 1836 muros
1051 1779 1217 1854 turresque
1233 1771 1320 1836 urbis

282 1876 458 1961 praealtum
480 1897 567 1941 mare
590 1875 768 1943 ambiebat:
795 1895 858 1940 non
880 1883 1038 1941 tormenta
1060 1876 1121 1942 nisi
1145 1898 1162 1943 e
1185 1876 1320 1941 navibus

282 1979 391 2065 procul
430 2000 565 2045 excussa
600 1981 690 2062 mitti,
728 2001 791 2045 non
828 1981 934 2046 scalae
969 1981 1133 2046 moenibus
1167 1969 1321 2065 applicari

281 2091 442 2170 poterant:
466 2104 619 2169 praeceps
642 2085 674 2149 in
697 2086 798 2150 salum
813 2105 920 2150 murus
939 2083 1088 2170 pedestre
1111 2085 1321 2177 interceperat

282 2189 357 2254 iter:
380 2208 478 2254 naves
493 2209 552 2253 nec
568 2188 705 2255 habebat
720 2211 785 2270 rer,
811 2197 851 2270 et,
876 2189 902 2254 si
917 2189 1119 2271 admovisset,
1145 2189 1321 2272 pendentes

232 2308 264 2357 10
283 2300 314 2357 et
337 2291 500 2356 instabiles
523 2291 696 2357 missilibus
719 2293 819 2358 arceri
835 2299 989 2378 poterant.
1024 2293 1111 2359 Inter
1126 2314 1207 2376 quae
1223 2314 1322 2378 parva

282 2394 370 2460 dictu
403 2416 454 2460 res
487 2395 655 2478 Tyriorum
696 2395 844 2461 fiduciam
876 2396 1032 2462 accendit.
1084 2397 1321 2480 Carthaginien·

282 2500 363 2564 sium
385 2499 483 2582 legati
505 2499 547 2564 ad
571 2500 793 2566 celebrandum
816 2521 940 2566 sacrum
962 2501 1212 2568 anniversarium
1233 2522 1321 2567 more

282 2603 384 2687 patrio
413 2611 488 2668 tuuc
521 2612 689 2669 venerant:
726 2605 844 2690 quippe
876 2604 1101 2688 Carthaginem
1129 2605 1219 2690 Tyrii
1250 2627 1322 2671 oon·

232 2724 261 2772 11
283 2706 438 2788 diderunt,
477 2727 602 2792 semper
640 2716 805 2792 parentum
841 2710 912 2774 loco
950 2710 1033 2774 culti.
1081 2709 1209 2774 Hortari
1243 2729 1321 2792 ergo

284 2811 382 2876 Poeni
406 2818 585 2896 coeperunt,
617 2819 651 2875 ut
674 2811 872 2877 obsidionem
895 2813 970 2878 forti
991 2814 1097 2878 animo
1119 2821 1319 2898 paterentur:

282 2915 371 2981 brevi
387 2913 579 2997 Carthagine
601 2916 720 2979 auxilia
741 2923 883 2981 ventura.
918 2917 1063 2999 Namque
1079 2939 1117 2982 ea
1131 2925 1321 3003 tempestate

282 3040 398 3102 magna
424 3040 464 3083 ex
494 3026 584 3103 parte
614 3019 742 3085 Punicis
773 3020 927 3085 classibus
957 3021 1056 3085 maria
1085 3021 1320 3086 obsidebantur.

233 3140 263 3188 12
282 3122 385 3205 Igitur
420 3121 505 3187 bello
543 3120 671 3188 decreto
707 3143 765 3207 per
801 3143 907 3189 muros
951 3131 1118 3206 turresque
1163 3124 1358 3197 tormentati

282 3225 464 3311 disponunt,
500 3246 590 3292 arma
611 3227 789 3293 iunioribus
819 3227 976 3307 dividunt,
1011 3227 1151 3314 opifices,
1187 3249 1321 3311 quorum

282 3329 376 3414 copia
398 3329 474 3394 urbs
498 3329 691 3412 abundabat,
722 3331 756 3395 in
787 3330 933 3397 officinas
960 3331 1163 3397 distribuunt.
1208 3332 1324 3398 Omnia

282 3432 358 3498 belli
380 3439 537 3518 apparatu
560 3440 722 3520 strepunt:
753 3435 876 3500 ferreae
904 3455 1030 3519 quoque
1053 3455 1165 3502 manus
1191 3473 1230 3483 —
1255 3435 1323 3501 har·

283 3555 426 3620 pagonas
459 3544 576 3602 vocant
605 3575 648 3584 -
683 3558 763 3621 quas
797 3535 948 3624 operibus
981 3539 1122 3604 hostium
1156 3539 1320 3620 inicerent,

283 3639 434 3722 corvique
465 3648 497 3706 et
527 3642 591 3706 alia
620 3641 748 3707 tuendis
778 3643 909 3709 urbibus
940 3643 1124 3727 excogitata
1153 3664 1322 3729 praepara·

233 3761 265 3810 13
283 3746 407 3810 bantur.
470 3745 533 3810 Sed
571 3766 644 3812 eum
681 3746 864 3813 lomacibus
908 3748 1036 3826 ferrum,
1083 3746 1168 3829 quod
1207 3747 1322 3814 excudi

287 3851 463 3933 oportebat,
499 3849 680 3933 impositum
711 3857 805 3934 esset,
833 3850 1033 3934 admotisque
1056 3851 1185 3917 follibus
1215 3851 1323 3936 ignem
