2976 4322
251 266 500 321 msuoamaum
518 267 733 321 Annxnnnnr
751 267 816 320 vm
835 271 858 320 r.
877 269 901 320 a.
1033 255 1117 331 225'

102 471 220 554 :astigari
247 493 316 537 eum
346 473 433 538 iussi.
481 474 552 538 Hoc
582 481 613 538 et
643 480 767 558 oportet
798 472 864 538 fieri
896 479 928 538 et
955 473 1059 537 ferunt
1082 493 1103 536 a

102 575 223 641 uteribus
241 575 360 660 pupilli,
385 577 548 642 emeritis
571 597 695 658 uxores,
721 577 822 643 servis
845 596 970 660 quoque
986 596 1102 662 pueros

102 680 170 744 iuius
189 680 294 745 aetatis
316 681 486 746 verberare
510 682 723 748 concedimus.
770 681 861 748 Haec
888 688 937 747 est
967 677 1137 746 saevitia4

102 783 221 868 ripsum
240 805 317 865 mea,
349 805 443 868 quam
468 787 567 872 impia
589 786 688 852 caede
718 785 818 852 voluit
848 785 970 851 ulcisci.
1016 786 1103 850 Nam

102 894 248 968 roeteros,
278 889 330 971 qni
354 889 433 954 mihi
456 891 641 975 permittunt
670 891 715 956 uti
746 890 876 973 ingenio
898 909 979 970 meo,
1005 909 1102 972 quam

102 991 156 1057 ritis
187 992 249 1073 sim,
281 1013 345 1058 non
378 994 551 1078 ignoratis:
590 1015 835 1060 commemorare
869 1014 1100 1080 supervacuum

102 1103 128 1160 rt.
170 1096 331 1162 Hermolao
354 1095 582 1182 parricidarum
606 1098 762 1184 supplicia
783 1119 848 1163 non
863 1097 1001 1183 probari,
1026 1117 1099 1162 oum
1122 1113 1137 1163 5

102 1199 182 1264 adem
209 1200 273 1286 ipse
304 1203 462 1282 meruerit,
496 1198 625 1268 minime
659 1203 789 1268 hercule
823 1202 970 1267 admiror.
1017 1203 1103 1266 Nam

102 1325 144 1368 um
158 1305 392 1370 Parmenionem
407 1313 439 1370 et
454 1307 615 1372 Philotam
630 1305 748 1386 laudat,
769 1327 846 1372 suae
863 1308 961 1372 servit
977 1325 1103 1372 causae.

102 1416 257 1491 yncestem
282 1429 359 1475 vero
382 1409 598 1475 Alexandrum
630 1412 678 1477 bis
708 1411 892 1476 insidiatum
916 1410 1012 1495 capiti
1034 1425 1140 1474 meos

102 1511 211 1592 beravi,
246 1533 353 1578 rursus
393 1516 422 1594 [a
459 1514 582 1580 duobus
619 1514 791 1600 indicibus]
830 1515 1010 1581 convictum
1049 1534 1107 1599 per

102 1616 230 1681 lennium
264 1625 371 1683 tamen
408 1617 526 1700 distuli,
573 1619 675 1684 donec
712 1639 769 1685 vos
807 1619 1020 1704 postularetis,
1071 1625 1105 1682 ut
1159 1617 1160 1621 ’

102 1721 192 1785 ndem
221 1721 327 1787 debito
352 1722 509 1807 supplicio
540 1724 645 1789 scelus
675 1723 786 1789 lueret.
833 1723 984 1804 Attalum,
1016 1729 1136 1787 ante-7

102 1845 160 1889 ram
182 1847 238 1890 rex
261 1846 373 1908 essem,
405 1827 530 1893 hostem
560 1848 631 1893 meo
662 1829 759 1913 capiti
782 1827 883 1893 luisse
907 1826 1105 1892 meministis.

102 1929 167 1994 ,itus
189 1930 308 1995 utinam
330 1951 394 1995 non
417 1931 577 2015 coegisset
599 1953 650 1996 me
674 1931 737 1997 sibi
759 1932 870 1996 irasci!
897 1930 987 1996 ouius
1010 1937 1106 1996 teme-

102 2033 184 2097 riam
215 2034 367 2117 linguam,
398 2035 516 2120 probra
539 2035 675 2101 dicentis
697 2035 775 2100 mihi
803 2043 834 2100 et
857 2034 958 2116 vobis,
989 2033 1107 2100 diutius

102 2137 120 2200 li
155 2158 249 2220 quam
282 2139 337 2204 ille
372 2139 485 2205 eadem
518 2161 569 2205 me
604 2140 761 2206 dicentem
794 2139 929 2205 tulisset.
985 2139 1142 2221 Reguma

102 2261 243 2324 mumque
268 2243 436 2308 clementia
465 2265 529 2309 non
559 2243 592 2308 in
615 2243 755 2329 ipsorum
784 2243 888 2324 modo,
921 2242 979 2308 sed
1008 2242 1106 2307 etiam

115 2346 251 2432 illorum,
275 2347 328 2430 qui
350 2355 474 2432 parent,
496 2348 634 2431 ingeniis
659 2349 719 2414 sita
742 2355 800 2413 est.
837 2347 1000 2430 Obsequio
1023 2346 1105 2411 miti·

102 2457 175 2514 ntur
196 2450 349 2536 imperia:
379 2451 435 2517 ubi
457 2473 533 2518 vero
562 2453 742 2518 reverentia
760 2453 899 2518 excessit
921 2450 1045 2532 animis,
1071 2457 1102 2515 et

102 2575 183 2618 mma
216 2555 290 2621 imis
324 2555 476 2621 confundi
509 2556 664 2638 videmus,
699 2557 730 2622 vi
766 2576 845 2642 opus
880 2562 937 2635 est,
973 2561 1008 2618 ut
1040 2554 1107 2620 vim

102 2659 265 2741 nellamus.
320 2659 386 2726 Sed
419 2660 496 2743 quid
528 2681 590 2744 ego
623 2661 725 2733 mirer¹
750 2661 847 2726 istum
882 2659 1138 2726 erudelitatemt)

102 2763 133 2826 hi
169 2762 341 2846 obiecisse,
382 2765 436 2847 qui
468 2766 636 2830 avaritiam
674 2767 868 2850 exprobrare
903 2783 1000 2828 ausus
1036 2763 1108 2842 sit?

103 2867 136 2930 lo
161 2867 313 2952 singulos
328 2877 469 2934 vestrum
485 2871 636 2954 excitare,
661 2891 701 2934 ne
718 2869 855 2936 invisam
870 2867 948 2933 mihi
965 2866 1104 2932 liberali-

102 2991 151 3036 em
182 2993 293 3038 meam
323 2973 447 3054 faciam,
484 2974 511 3039 si
541 2973 655 3058 pudori
686 2982 792 3040 vestro
823 2994 956 3056 gravem
986 2971 1107 3036 fecero.

102 3082 169 3139 tum
203 3076 383 3142 exercitum
412 3077 564 3160 aspicite:
597 3077 649 3160 qui
673 3079 770 3162 paulo
794 3085 868 3142 ante
883 3075 965 3141 nihil
980 3082 1108 3160 praeter

102 3201 139 3243 ra
163 3179 322 3262 habebat,
345 3201 429 3246 nuno
451 3181 613 3265 argenteis
633 3182 729 3246 cubat
752 3181 860 3248 lectis:
885 3200 1012 3245 mensas
1029 3199 1108 3243 auro

102 3291 198 3364 erant,
239 3304 404 3350 servorum
437 3306 554 3369 greges
586 3285 715 3365 ducunt,
750 3285 854 3370 spolia
888 3285 928 3350 de
959 3283 1107 3348 hostibus

103 3387 218 3452 tinere
244 3408 310 3452 non
332 3396 474 3474 possunt.
521 3389 563 3454 At
586 3389 670 3454 enim
693 3391 821 3471 Persae,
854 3409 933 3472 quos
964 3386 1107 3472 vicimus,
1127 3399 1160 3449 10

112 3511 247 3575 magno
279 3491 399 3558 honore
430 3501 503 3559 sunt
537 3493 622 3578 apud
653 3495 719 3559 mel
766 3495 805 3558 Id
841 3493 970 3576 quidem
1003 3491 1110 3555 mode-

107 3596 189 3661 onis
216 3617 313 3662 meae
336 3597 547 3663 certissimum
577 3597 731 3662 indicium
755 3605 811 3678 est,
845 3597 930 3681 quod
951 3616 992 3660 ne
1014 3595 1109 3660 victis

102 3699 185 3764 dem
213 3701 357 3786 superbe
380 3701 511 3786 impero.
558 3701 640 3767 Veni
667 3703 751 3766 enim
780 3702 813 3766 in
837 3701 957 3779 Asiam,
988 3718 1051 3764 non
1075 3705 1110 3762 ut

102 3804 203 3870 ditus
231 3811 411 3870 everterem
434 3812 547 3888 gentes
570 3826 630 3870 neo
653 3813 688 3870 ut
704 3805 836 3870 dimidia
850 3812 939 3890 parte
955 3811 1110 3868 terrarum

105 3908 275 3973 tudinem
305 3909 454 3991 facerem,
491 3909 549 3974 sed
578 3917 612 3974 ut
642 3909 714 3974 illos
746 3929 880 3991 quoque,
916 3927 995 3990 quos
1025 3904 1110 3968 bello

102 4043 214 4088 :artius
231 4043 315 4088 Rulhs
328 4054 377 4089 von
393 4044 516 4100 Stangl.
976 4028 1007 4080 15
