2976 4322
251 199 315 264 240
639 201 669 268 Q.
690 199 799 255 llURTl
819 201 906 254 RUFI

253 411 284 470 et
306 404 379 470 Indi
401 412 434 472 et
457 405 648 472 Macedones
675 414 787 472 nantes
810 407 924 472 levatis
947 427 1042 492 super
1067 407 1175 491 capita
1197 406 1295 471 armis

253 511 438 576 transibant.
486 512 536 577 Ibi
566 512 650 578 levia
679 512 800 598 proelia
831 512 1085 593 conserebantur,
1105 517 1138 576 et
1163 517 1297 594 uterque

254 635 310 679 rex
338 635 456 700 parvae
486 616 532 681 rei
563 615 744 682 discrimine
778 635 919 682 summae
953 615 1175 701 experiebatur
1205 636 1299 681 even·

204 728 236 778 13
255 725 332 782 tum.
379 719 525 784 Ceterum
546 719 580 783 in
604 720 814 786 Macedonum
838 720 978 786 exercitu
1001 719 1179 784 temeritate
1202 725 1300 800 atque

256 822 393 888 audacia
412 824 553 908 insignes
573 824 661 890 fuere
680 824 935 906 Hegesimachus
955 831 986 890 et
1004 823 1154 904 Nicanor,
1174 822 1301 888 nobiles

159 937 160 940 ’
256 928 388 994 invenes
419 935 450 993 et
480 935 636 1013 perpetua
664 929 801 1014 partium
832 928 984 994 felicitate
1015 927 1057 992 ad
1085 927 1301 1012 spernendum

206 1039 238 1088 14
257 1052 350 1098 omne
385 1033 561 1117 periculum
596 1034 733 1099 accensi.
787 1031 865 1110 Quis
901 1033 1037 1098 ducibus
1074 1026 1301 1118 promptissimi

256 1137 406 1202 iuvenum
432 1138 551 1203 lanceis
581 1137 674 1204 modo
705 1138 818 1202 armati
851 1145 1057 1203 transnavere
1088 1137 1122 1202 in
1151 1135 1301 1214 insulam,

258 1261 354 1324 quam
369 1242 517 1324 frequens
538 1243 639 1308 hostis
662 1244 802 1323 tenebat,
828 1243 1008 1325 multosque
1028 1241 1192 1322 Indorum,
1212 1240 1302 1304 nulla

208 1352 240 1402 15
258 1367 292 1411 re
326 1346 439 1411 melius
469 1367 565 1429 quam
598 1346 733 1411 audacia
765 1347 887 1427 armati,
920 1346 1156 1410 interemerunt.
1203 1343 1302 1410 Abire

259 1469 330 1514 cum
348 1449 451 1533 gloria
469 1457 626 1534 poterant,
650 1451 677 1515 si
699 1471 848 1532 umquam
866 1449 1028 1515 temeritas
1048 1448 1127 1514 felix
1144 1448 1302 1512 inveniret

259 1553 404 1618 modum:
426 1554 483 1620 sed
506 1554 581 1619 dum
604 1555 862 1639 supervenientes
886 1553 1089 1637 contemptim
1112 1559 1144 1618 et
1166 1553 1303 1636 superbe

261 1676 385 1739 quoque
416 1664 596 1742 expectant,
619 1657 823 1723 circumventi
853 1658 894 1722 ab
922 1657 981 1739 his,
1007 1657 1060 1740 qui
1091 1657 1206 1722 occulti
1229 1677 1303 1721 ena-

210 1768 242 1818 16
260 1768 381 1842 verant,
405 1762 526 1827 eminus
550 1763 652 1827 obruti
675 1763 748 1828 telis
772 1769 853 1827 sunt.
880 1760 941 1838 Qui
965 1761 1143 1844 effugerant
1166 1759 1302 1840 hostem,

262 1873 316 1930 aut
331 1867 450 1950 impetu
458 1857 560 1932 amnis
576 1867 673 1932 ablati
689 1874 761 1932 sunt
776 1874 830 1932 aut
846 1867 1015 1932 verticibus
1023 1865 1175 1950 impliciti.
1193 1859 1358 1947 uaquelt

264 1991 373 2054 pugna
388 1972 521 2036 multum
537 1971 611 2037 Pori
622 1971 770 2036 fiduciam
782 1971 890 2052 erexit,
900 1977 1014 2036 cuncta
1025 1969 1182 2035 cernentis
1196 1969 1305 2054 eripa.

215 2087 247 2137 17
371 2075 562 2158 Alexander,
599 2076 691 2160 inops
729 2076 860 2157 consilii,
894 2075 1023 2140 tandem
1056 2074 1099 2138 ad
1132 2073 1307 2138 fallendum

265 2177 390 2243 hostem
420 2179 518 2243 talem
549 2179 658 2244 dolum
687 2179 832 2245 intendit.
880 2179 957 2244 Erat
987 2178 1090 2243 insula
1118 2177 1152 2242 in
1178 2176 1307 2241 flumine

266 2283 400 2367 amplior
419 2284 542 2365 ceteris,
563 2284 715 2350 silvestris
735 2283 848 2348 eadem
868 2291 899 2348 et
916 2281 1062 2366 tegendis
1081 2281 1204 2346 insidiis
1221 2288 1305 2365 apta.

268 2388 368 2452 Fossa
391 2408 516 2470 quoque
539 2389 681 2472 praealta
704 2387 786 2452 haud
818 2389 928 2472 procul
950 2387 1028 2472 ripa,
1054 2406 1148 2468 quam
1177 2385 1308 2449 tenebat

268 2491 349 2576 ipse,
370 2509 434 2556 non
453 2492 577 2576 pedites
597 2493 700 2574 mode,
725 2492 896 2558 sedetiam
916 2511 987 2556 curn
1010 2490 1099 2573 equis
1117 2490 1201 2555 viros
1220 2496 1309 2574 pote-

219 2606 251 2657 18
269 2603 318 2660 rat
336 2596 540 2662 abscondere.
566 2597 668 2679 Igitur
688 2604 722 2661 ut
744 2617 764 2661 a
787 2595 931 2661 custodia
949 2595 1042 2660 huius
1065 2593 1308 2680 opportunitatis

270 2701 378 2765 oculos
410 2699 548 2766 hostium
576 2708 741 2782 averteret,
772 2701 990 2766 Ptolomaeum
1019 2699 1164 2764 omnibus
1197 2697 1308 2762 turmis

272 2804 457 2886 obequitare
479 2805 570 2869 iussit
589 2806 699 2890 procul
721 2805 824 2870 insula
843 2812 876 2870 et
898 2802 1031 2868 subinde
1052 2802 1150 2867 Indos
1173 2802 1309 2867 clamore

273 3012 341 3077 dies
369 3013 571 3078 Ptolomaeus
593 3013 627 3076 id
657 3013 733 3078 feeit
755 3033 856 3096 eoque
886 3011 1017 3078 consilio
1040 3013 1156 3076 Porum
1186 3029 1312 3093 quoque

273 3137 388 3200 agmen
412 3137 502 3181 suum
527 3118 555 3182 ei
578 3117 670 3203 parti,
696 3137 790 3200 quam
814 3137 848 3181 se
871 3123 986 3201 petere,
1005 3115 1184 3195 simulabat,
1208 3113 1313 3196 coegit

222 3234 256 3284 20
275 3221 450 3286 advertere.
499 3223 567 3286 lam
602 3229 692 3286 extra
727 3229 930 3307 conspectum
964 3220 1064 3286 hostis
1098 3219 1201 3285 insula
1235 3224 1312 3283 erat

275 3323 456 3389 Alexander
470 3325 502 3389 in
520 3325 647 3390 diversa
662 3333 751 3410 parte
763 3325 852 3410 ripae
865 3325 960 3390 statui
973 3345 1065 3390 suum
1076 3321 1315 3388 tabernaculum

275 3428 376 3509 iussit,
385 3435 608 3512 assuetamque
626 3429 768 3494 comitari
784 3429 889 3515 ipsum
905 3429 1066 3494 eohortem
1081 3433 1155 3492 ante
1167 3426 1201 3491 id
1213 3425 1314 3490 taber·

275 3533 425 3596 naculum
438 3540 531 3614 stare,
541 3541 573 3599 et
589 3553 713 3600 omnem
730 3542 917 3619 apparatum
935 3534 1043 3616 regiae
1057 3529 1315 3614 magnificentiae

225 3650 255 3698 21
277 3636 415 3701 hostiurn
432 3637 532 3702 oculis
547 3637 587 3702 de
602 3637 760 3703 industria
775 3637 910 3704 ostendi.
928 3637 1071 3702 Attalum
1083 3635 1189 3715 etiam,
1202 3654 1317 3716 aequa-

276 3741 339 3805 lem
362 3740 422 3805 sibi
447 3747 477 3806 et
497 3740 583 3806 haud
599 3741 758 3826 disparem
779 3743 891 3807 habitu
914 3743 977 3807 oris
993 3749 1024 3807 et
1040 3739 1188 3824 corporis,
1205 3738 1317 3820 utique

277 3863 348 3909 cum
376 3845 486 3929 procul
513 3845 678 3924 viseretur,
703 3852 791 3912 veste
821 3846 910 3928 regia
940 3851 1080 3924 exornat,
1100 3841 1317 3928 praebiturum

1479 1259 1480 1286 l

1477 1349 1479 1376 l

1477 1383 1480 1422 'l

221 2921 253 2971 19
272 2916 399 2989 terrere,
424 2909 515 2991 quasi
539 2907 654 2974 flumen
680 2916 896 2974 transnaturus
919 2909 1010 2973 foret.
1054 2907 1116 2972 Per
1133 2907 1310 2992 complures
