3040 4318
404 214 654 291 HISTORIARUM
672 215 887 272 ALEXANDRI
904 217 942 270 IV
960 217 985 271 9.
1006 219 1045 271 10.
1205 217 1247 283 63

209 421 337 486 ultimas
366 428 468 486 terras
498 421 581 486 trahi
610 441 647 486 se
677 422 907 504 querebantur:
938 421 1002 486 iam
1031 443 1090 488 nec
1117 423 1248 490 flumina

210 544 302 610 posse
336 523 417 589 adiri
462 545 521 590 nec
555 525 660 590 sidera
697 525 866 610 pristinum
912 547 1040 592 servare
1078 527 1245 610 fulgorem,

209 637 315 694 vastas
337 635 448 710 terras,
472 629 597 694 deserta
614 629 720 694 omnia
736 650 921 696 occurrere:
946 631 978 695 in
1001 631 1095 698 unius
1110 632 1249 698 hominis

210 734 411 798 iactationem
433 741 480 799 tot
503 734 625 812 milium
641 734 832 817 sanguinem
847 734 1004 820 impendi:
1029 736 1158 801 fastidio
1177 757 1249 802 esse

210 839 354 924 patriam,
379 839 523 905 abdicari
538 839 721 924 Philippum
745 847 878 924 patrem,
903 841 1027 905 caelum
1051 841 1142 907 vanis
1165 842 1250 925 cogi·

209 943 382 1009 talionibus
404 952 523 1029 petere.
570 944 639 1008 Iam
655 964 755 1028 prope
774 944 963 1009 seditionem
986 965 1037 1011 res
1061 952 1138 1027 erat,
1164 966 1245 1029 curn,
1267 957 1283 1006 4

209 1048 251 1112 ad
284 1048 391 1114 omnia
420 1047 592 1130 interritus,
616 1046 716 1114 duces
754 1049 980 1134 principesque
1019 1040 1155 1116 militum
1190 1051 1250 1118 fre·

210 1158 344 1235 6666166
382 1151 495 1218 adesse
539 1151 699 1236 praetorio
740 1152 828 1217 iubet
866 1153 1112 1238 Aegyptiosque
1150 1162 1249 1240 vates,

210 1277 290 1340 quos
313 1257 395 1320 caeli
418 1278 457 1322 66
482 1255 624 1321 siderum
647 1255 859 1341 peritissimos
886 1278 957 1323 esse
981 1259 1141 1338 credebat,
1174 1259 1250 1341 quid

210 1361 372 1441 sentirent,
398 1381 585 1446 expromere
611 1359 730 1447 [iubet]⁸
777 1360 820 1426 At
842 1361 900 1442 illi,
936 1363 991 1445 qui
1015 1363 1092 1428 satis
1124 1364 1284 1445 scirent,5

211 1474 388 1550 temporum
426 1467 520 1531 orbes
558 1465 689 1549 implere
723 1465 901 1531 destinatas
945 1467 1044 1548 vices,
1079 1467 1250 1550 lunamque

210 1569 357 1652 deficere,
389 1589 462 1634 cum
485 1577 541 1634 661
570 1576 687 1634 terram
718 1570 838 1635 subiret
868 1576 923 1634 aut
954 1571 1019 1636 sole
1041 1578 1248 1655 premeretur,

210 1673 366 1738 rationem
390 1673 521 1756 quidem
551 1673 630 1758 ipsis
653 1681 839 1758 perceptam
868 1694 932 1738 non
955 1674 1090 1739 edocent
1113 1675 1248 1756 vulgus:

93 1791 95 1799 ’
210 1784 350 1858 ceterum
381 1777 551 1858 affirmant,
582 1777 682 1843 solem
706 1778 912 1859 Graecorum,
946 1779 1054 1842 lunam
1085 1799 1154 1844 esse
1177 1779 1285 1843 Per-6

210 1903 325 1964 surum,
352 1883 562 1967 quotiensque
585 1883 642 1948 illa
665 1882 802 1968 deficiat,
824 1884 950 1948 ruinam
966 1891 1172 1967 stragemque
1188 1881 1251 1950 illis

211 1987 363 2073 gentibus
386 1989 550 2074 portendi:
581 1995 756 2072 veteraque
786 1989 934 2073 exempla
965 1997 1156 2073 percensent
1178 1989 1251 2054 Per-

211 2093 289 2160 sidis
304 2114 430 2178 regum,
447 2114 528 2177 quos
542 2093 689 2160 adversis
705 2092 755 2158 dis
771 2113 933 2178 pugnasse
949 2094 1042 2158 lunae
1058 2094 1251 2160 ostendisset

212 2197 362 2264 defectio.
408 2198 507 2262 Nulla
528 2217 580 2263 res
603 2198 838 2263 multitudinem
861 2197 1024 2263 efficacius
1047 2198 1132 2281 regit
1155 2219 1250 2281 quam
1270 2206 1284 2256 7

211 2303 408 2387 superstitio:
428 2303 548 2385 alioqui
571 2302 741 2386 impotens,
765 2322 871 2382 saeva,
896 2301 1067 2382 mutabilis,
1093 2301 1147 2366 ubi
1169 2322 1251 2366 vana

211 2406 366 2490 religione
390 2411 485 2490 capta
508 2412 566 2487 est,
600 2405 714 2471 melius
744 2405 872 2470 vatibus
903 2427 998 2488 quam
1029 2404 1162 2472 ducibus
1185 2405 1251 2471 suis

211 2517 312 2593 paret.
357 2510 459 2593 Igitur
494 2509 581 2574 edita
615 2510 647 2574 in
680 2510 795 2592 vulgus
829 2509 1064 2593 Aegyptiorum
1097 2529 1251 2594 responsa

158 2613 200 2684 40
213 2635 321 2680 rursus
356 2614 398 2679 ad
432 2633 522 2698 spem
557 2622 589 2680 et
610 2613 762 2680 fiduciam
793 2634 925 2679 erexere
954 2620 1126 2697 torpentes.
1173 2614 1286 2696 116168

210 2719 331 2803 impetu
350 2719 527 2784 animorum
544 2718 698 2783 utendum
720 2725 819 2800 ratus,
848 2716 989 2782 secunda
1011 2715 1124 2800 vigilia
1147 2725 1252 2783 castra

214 2822 330 2886 movit:
365 2821 478 2886 dextra
500 2821 625 2904 Tigrim
656 2821 806 2905 habebat,
835 2843 853 2886 6
883 2821 977 2886 laeva
1007 2829 1138 2902 montes,
1171 2840 1250 2903 6666

212 2926 398 3010 Gordyaeos
420 2933 544 2991 vocant.
591 2925 660 2990 Hoc
684 2925 841 3008 ingressis
864 2925 923 2989 iter
946 2925 1171 3009 speculatores,
1197 2926 1285 3007 6616

212 3029 378 3114 praemissi
416 3037 514 3110 erant,
555 3029 613 3094 sub
647 3028 729 3094 lucis
764 3036 866 3092 ortum
904 3028 1045 3092 Dareum
1078 3028 1251 3094 adventare

211 3133 442 3199 nuntiaverunt.
478 3133 635 3198 instructo
652 3132 749 3216 igitur
764 3131 865 3196 milite
881 3138 913 3197 et
930 3131 1105 3215 composito
1122 3131 1251 3214 agmine

212 3235 428 3302 antecedebat.
464 3237 530 3302 Sed
545 3237 716 3302 Persarum
733 3245 906 3301 moratores
924 3243 1022 3319 erant,
1038 3235 1125 3299 mille
1141 3235 1251 3314 ferme,
1272 3248 1304 3296 16

212 3342 266 3425 661
289 3340 432 3426 speciem
463 3341 574 3426 magni
603 3341 743 3423 agminis
774 3341 934 3405 fecerant:
966 3339 1085 3424 661666
1115 3339 1169 3404 ubi
1200 3360 1254 3403 ex-

212 3445 329 3529 plorari
359 3464 436 3510 vera
464 3465 527 3509 non
556 3453 700 3529 possunt,
736 3444 819 3508 falsa
849 3464 907 3527 per
937 3450 1055 3508 metum
1085 3450 1252 3526 augentur.

212 3548 271 3612 His
295 3549 432 3632 cognitis
455 3569 523 3630 ren,
551 3570 623 3613 cum
646 3548 757 3632 paucis
789 3568 916 3613 suorum
945 3554 1110 3612 assecutus
1134 3567 1250 3629 agmen
1272 3560 1299 3608 11

212 3652 437 3736 refugientium
453 3653 495 3718 ad
510 3672 594 3733 suos,
610 3652 689 3718 alios
705 3652 829 3730 occidit,
853 3651 938 3736 cepit
953 3651 1034 3715 alios
1064 3651 1251 3734 equitesque

212 3755 377 3840 praemisit
413 3755 624 3840 speculatum,
664 3755 757 3820 simul
796 3762 830 3820 ut
866 3754 983 3837 ignem,
1023 3774 1085 3836 quo
1121 3754 1249 3819 barbari

213 3867 435 3926 cremaverant
480 3859 575 3938 vicos,
623 3859 856 3942 extinguerent.
917 3857 1044 3942 Quippe
1089 3856 1248 3940 fugientes
1268 3872 1299 3920 12
