2970 4322
284 215 348 280 ‘281
667 217 699 284 o.
719 215 827 270 cunm
846 217 933 270 rrum

282 421 398 506 spitem
419 427 475 488 ant
497 429 662 508 optassent
677 423 793 488 reverti
808 429 864 488 aut
884 422 1095 488 credidissent
1110 442 1315 487 reversnmm.

248 526 386 611 elgitnr
415 525 474 592 hos
504 525 631 610 quidem
653 527 764 606 vinxit,
795 536 841 590 Dc
864 532 971 592 antem
1001 525 1148 604 militnm,
1180 525 1235 608 qni
1257 545 1318 590 sae·

247 630 379 696 9111111
401 651 511 696 corum
535 630 669 695 ministri
685 628 821 711 fuerant,
845 629 979 696 interfici
993 629 1096 694 iussit
1133 628 1256 694 Eodem
1271 627 1319 692 die

282 742 444 819 sumptum
467 741 515 800 est
545 734 736 820 supplicium
766 733 807 800 de
829 734 869 799 iis
900 754 1037 816 quoqne,
1068 753 1148 816 quos
1177 739 1319 798 auctores

282 837 471 904 defectionis
493 839 661 904 Persarum
685 837 834 904 Craterus
855 838 1042 904 adduxerat.

233 952 265 1003 10
385 941 482 1007 Haud
512 943 611 1008 multo
641 949 712 1027 post
741 941 909 1008 Nearchus
940 951 971 1006 et
1001 940 1210 1021 Onesicritus,
1242 938 1346 1025 qnos?

282 1046 409 1130 longius
439 1047 472 1112 in
502 1046 663 1112 Oceanum
693 1047 867 1131 procedere
900 1047 1045 1127 iusserat,
1080 1047 1318 1131 superveniunt.

232 1161 262 1210 11
283 1150 478 1216 Nuntiabant
507 1157 614 1218 autem
645 1150 802 1234 quaedam
832 1150 952 1230 andita,
981 1151 1046 1216 alia
1075 1159 1257 1236 comperta:
1280 1152 1321 1215 in·

283 1255 384 1320 sulam
421 1253 504 1320 ostio
537 1255 640 1320 amnis
677 1255 834 1321 obiectam
868 1275 944 1319 auro
981 1255 1154 1336 abundare,
1194 1256 1321 1340 inopem

284 1379 435 1441 equorum
459 1379 546 1424 esse:
570 1359 712 1442 singulos
736 1378 792 1425 eos
814 1365 1034 1444 compererant
1061 1359 1174 1440 abiis,
1207 1361 1262 1443 qui
1285 1381 1323 1425 ex

233 1471 265 1523 12
283 1463 455 1528 continenti
470 1463 604 1528 traicere
620 1462 784 1542 auderent,
800 1462 933 1546 singulis
949 1463 1077 1528 talentis
1092 1463 1164 1527 emi.
1189 1463 1322 1529 Plenum

283 1586 353 1634 esse
368 1566 536 1632 beluarum
551 1587 654 1632 marc:
678 1573 770 1634 aestu
793 1566 934 1632 secundo
959 1585 1014 1631 eas
1037 1566 1120 1647 ferri,
1137 1587 1323 1650 magnarum

283 1671 413 1736 navium
436 1691 569 1756 corpora
591 1678 775 1756 aequantes,
811 1671 893 1736 trnci
916 1679 1012 1736 cantu
1042 1669 1211 1736 deterritas
1234 1671 1323 1755 sequi

284 1776 426 1856 classem
462 1795 534 1840 cum
563 1795 680 1860 magno
709 1776 857 1860 aequoris
888 1775 1023 1860 strepitu
1053 1775 1144 1840 velut
1178 1774 1324 1841 demersa

233 1887 265 1937 13
283 1879 413 1963 navigia
434 1878 557 1946 subisse
580 1899 691 1964 aquas.
734 1880 851 1944 Cetera
873 1879 984 1943 incolis
1008 1877 1219 1960 crediderant,
1244 1879 1324 1944 inter

284 2003 382 2066 quae:
406 1983 535 2048 rubrum
559 2004 644 2052 mare
666 2004 730 2048 non
753 2004 773 2047 a
795 1983 903 2048 colore
924 1982 1092 2062 undarum,
1122 1988 1158 2046 nt
1180 1981 1323 2067 plerique

233 2095 266 2146 14
284 2085 458 2168 crederent,
493 2086 550 2152 sed
584 2088 625 2152 ab
655 2085 795 2171 Erythro
824 2107 902 2170 rege
931 2085 1103 2171 appellari:
1133 2106 1204 2152 esse
1239 2087 1323 2152 haud

283 2191 393 2275 procul
411 2213 431 2255 a
447 2191 623 2258 continenti
639 2189 775 2256 insulam
792 2191 907 2275 palmis
923 2189 1143 2273 frequentibus
1159 2192 1323 2276 consitam,

283 2301 317 2360 et
346 2294 379 2358 in
410 2293 515 2360 medio
545 2294 612 2360 fere
641 2314 771 2360 nemore
802 2295 982 2360 columnam
1011 2295 1160 2375 eminere,
1193 2295 1323 2378 Erythri

233 2408 265 2458 15
283 2397 367 2480 regis
389 2403 635 2476 monumentum,
659 2397 771 2462 litteris
787 2398 892 2480 gentis
908 2399 976 2464 eius
993 2399 1152 2483 scriptam.
1199 2398 1323 2465 Adicie-

283 2501 375 2567 bant:
389 2499 528 2583 navigia,
552 2520 635 2582 quae
651 2500 732 2565 lixas
748 2509 1002 2584 mercatoresque
1017 2502 1188 2584 rexissent,
1205 2503 1322 2568 famam

283 2605 351 2670 auri
375 2605 492 2670 secutis
521 2604 788 2686 gubernatoribus
810 2606 843 2670 in
873 2606 1008 2671 insulam
1032 2625 1105 2672 esse
1136 2608 1323 2672 transmissa

233 2719 265 2769 16
283 2729 343 2774 neo
373 2709 487 2775 deinde
510 2708 552 2773 ab
575 2709 613 2773 iis
636 2715 750 2793 postea
772 2709 850 2774 visa.
897 2711 975 2790 Rex,
1000 2711 1212 2793 cognoscendi
1231 2711 1323 2796 plura

284 2812 432 2897 cupidine
447 2831 610 2893 accensus,
623 2832 732 2878 rursus
749 2833 803 2878 eos
826 2820 944 2878 terram
967 2813 1074 2897 legere
1097 2814 1197 2895 iubet,
1221 2814 1321 2880 donec

283 2916 325 2982 ad
340 2917 511 3002 Euphratis
535 2939 567 2980 os
588 2917 785 3001 appellerent
808 2918 950 2996 classem,
975 2917 1049 2983 inde
1072 2917 1206 2984 adverso
1230 2938 1322 2984 amne

233 3031 265 3082 17
284 3021 453 3104 Babylona
475 3021 643 3086 subituros.
666 3022 751 3105 Ipse,
776 3021 881 3086 animo
900 3020 1024 3086 infinita
1047 3023 1239 3106 complexus,
1260 3021 1350 3092 sta-3

284 3131 397 3205 tuerat,
429 3125 514 3190 omni
544 3123 587 3190 ad
616 3125 769 3190 orientem
793 3124 950 3190 maritima
978 3124 1109 3209 regione
1135 3126 1322 3211 perdomita,

284 3250 324 3294 ex
347 3229 443 3312 Syria
464 3236 572 3313 petere
595 3227 746 3309 Africam,
771 3228 958 3312 Carthagini
981 3228 1133 3311 infensus,
1163 3229 1238 3295 inde
1260 3231 1323 3296 Nu·

284 3332 401 3398 midiae
417 3332 639 3398 solitudinibus
663 3333 839 3417 peragratis
862 3352 989 3396 cursum
1005 3332 1105 3399 Gadis
1128 3333 1265 3418 dirigere
1282 3372 1322 3382 -

283 3437 328 3505 ibi
351 3457 486 3520 namque
509 3437 673 3502 columnas
696 3437 843 3502 Herculis
867 3456 937 3502 esse
964 3436 1050 3501 fama
1071 3438 1259 3522 vulgaverat
1281 3476 1322 3488 -

234 3551 266 3602 11
284 3541 456 3626 Hispanias
490 3541 606 3607 deinde
639 3540 718 3606 duas
744 3577 781 3586 -
807 3540 971 3606 Hiberiam
1001 3541 1112 3606 Graeci
1144 3563 1164 3606 a
1193 3541 1323 3610 flumine

286 3647 404 3712 Hibero
423 3646 638 3710 vocabant-
654 3644 743 3710 adire
762 3650 794 3709 et
812 3644 1011 3728 praetervehi
1027 3644 1127 3730 Alpes
1146 3645 1323 3730 Italiaeque

110 3789 112 3795 -
234 3763 266 3813 19
285 3770 382 3830 oram,
411 3749 495 3814 unde
517 3749 550 3813 in
573 3749 705 3834 Epirum
727 3748 834 3814 brevis
858 3769 968 3814 cursus
992 3756 1049 3814 est.
1097 3749 1199 3832 Igitur
1221 3751 1323 3816 Meso-

284 3852 444 3938 potamiae
459 3853 656 3936 praetoribus
671 3850 850 3934 imperavit,
876 3850 1009 3916 materia
1030 3850 1064 3916 in
1079 3851 1201 3917 Libano
1217 3859 1322 3920 monte
