3028 4322
433 247 685 302 HISTORIARUM
701 247 916 303 ALEXANDRI
935 250 972 304 IV
991 253 1015 304 5.
1199 253 1241 316 49

204 477 322 538 auram,
348 463 390 536 ut,
415 473 614 538 quocumque
630 453 805 538 pendentes
821 455 944 520 animos
959 456 1083 521 tulisset
1106 457 1239 538 fortuna,

205 567 419 642 sequerentur.

153 664 196 734 23
310 663 458 728 Ceterum
479 682 544 734 non
566 663 636 746 ipse
665 661 760 727 modo
789 684 847 728 rex
877 663 986 728 obibat
1015 665 1110 729 urbes
1136 665 1241 730 adhuc
1261 680 1293 728 13

204 767 314 849 iugum
336 767 461 850 imperii
483 771 678 848 recusantes,
709 766 767 832 sed
790 775 952 852 praetores
983 788 1109 851 quoque
1131 769 1240 854 ipsius,

205 871 327 953 egregii
350 870 457 950 duces,
482 871 634 954 pleraque
653 870 844 952 invaserant,
869 869 963 936 Calas
979 870 1240 955 Paphlagoniam,

204 974 382 1056 Antigonus
393 973 599 1058 Lycaoniam.
635 974 787 1038 Balacrus
800 974 961 1058 Hydarne,
976 976 1074 1040 Darei
1086 984 1240 1061 praetore,

204 1084 351 1162 superato
381 1077 485 1151 denuo
516 1077 659 1142 Miletum
696 1078 797 1163 cepit:
832 1077 1046 1163 Amphoterus
1076 1087 1108 1145 et
1137 1081 1293 1164 Hege-14

204 1181 314 1246 lochns
333 1191 403 1245 CLX
421 1181 549 1246 navium
579 1182 682 1246 classe
713 1182 833 1247 insulas
863 1181 944 1246 inter
966 1181 1122 1247 Achaiam
1145 1191 1241 1268 atque

205 1285 314 1350 Asiam
336 1287 368 1350 in
391 1285 548 1351 dicionem
571 1285 747 1351 Alexandri
769 1286 970 1369 redegerunt.
1017 1288 1145 1353 Tenedo
1169 1309 1241 1372 quo

204 1410 265 1472 qne
294 1398 424 1475 recepta
454 1389 567 1455 Chium
597 1391 709 1456 incolis
740 1392 822 1455 ultro
851 1391 1037 1456 vocantibus
1068 1399 1242 1457 statuerant

203 1514 376 1578 occupare:
402 1493 459 1558 sed
474 1493 709 1574 Pharnabazus
723 1495 821 1558 Darei
838 1502 973 1578 praetor,
991 1496 1239 1579 comprehensis,
1260 1512 1292 1560 15

204 1597 331 1684 quires
360 1597 403 1662 ad
425 1599 617 1662 Macedonas
648 1598 824 1678 trahebant,
856 1599 964 1662 rurSus
995 1597 1179 1682 Apollonidi
1209 1607 1241 1664 et

204 1700 436 1784 Athenagorae,
461 1721 588 1766 suarum
612 1701 747 1785 partium
771 1702 857 1779 viris,
888 1701 998 1765 urbem
1022 1723 1093 1766 cum
1115 1703 1240 1768 modico

203 1802 362 1887 praesidio
396 1805 530 1869 militum
562 1805 667 1870 tradit.
724 1805 883 1870 Praefecti
913 1804 1089 1870 Alexandri
1123 1806 1154 1870 in
1189 1808 1240 1872 ob·
1261 1825 1292 1897 16

203 1907 326 1972 sidione
356 1909 443 1973 urbis
473 1911 730 1993 perseverabant,
761 1931 823 1974 non
854 1917 919 1973 tarn
949 1909 1014 1973 suis
1042 1910 1098 1990 fisi
1120 1911 1240 1976 viribus

203 2032 297 2093 quam
320 2012 469 2097 ipsorum,
494 2012 548 2095 qni
564 2012 801 2092 obsidebantur,
825 2014 996 2077 voluntate.
1032 2013 1101 2078 Nec
1124 2015 1241 2079 fefellit

203 2116 318 2200 opinio.
365 2115 510 2199 Namque
540 2116 622 2180 inter
651 2116 877 2201 Apollonidem
913 2125 944 2180 et
975 2117 1072 2182 duces
1106 2118 1240 2183 militum

202 2227 271 2284 orta
308 2219 422 2284 seditio
461 2219 656 2304 irrumpendi
690 2221 722 2284 in
756 2222 867 2286 urbem
902 2221 1103 2285 occasionem
1141 2221 1238 2288 dedit.

203 2323 344 2406 Cumque
382 2331 474 2408 porta
511 2323 644 2389 effracta
682 2325 795 2389 cohors
833 2326 1043 2390 Macedonum
1081 2326 1238 2410 intrasset,
1260 2341 1292 2390 17

202 2427 362 2512 oppidani,
387 2428 461 2492 olim
484 2428 616 2493 consilio
639 2429 827 2512 proditionis
849 2429 979 2512 agitato,
1003 2440 1182 2513 aggregant
1206 2453 1240 2498 se

201 2531 397 2616 Amphotero
421 2539 452 2597 et
475 2533 679 2616 Hegelocho:
708 2535 941 2624 Persarumque
964 2533 1123 2618 praesidio
1147 2556 1240 2600 caeso

202 2637 427 2702 Pharnabazus
474 2658 545 2702 cnm
582 2637 775 2722 Apollonide
822 2645 854 2703 et
891 2638 1098 2720 Athenagora
1141 2638 1240 2704 vincti

201 2741 375 2822 traduntur,
399 2752 452 2804 XII
470 2741 614 2807 triremes
631 2763 702 2806 cum
718 2761 776 2806 suo
792 2742 891 2806 milite
907 2762 945 2806 ac
960 2741 1090 2824 remige,
1115 2749 1240 2826 praeter
1260 2756 1292 2805 18

201 2865 255 2910 eas
275 2855 353 2908 XXX
376 2845 486 2910 inanes
517 2853 549 2910 et
572 2877 586 2909 s
606 2877 621 2909 s
644 2846 768 2928 piratici
792 2846 886 2911 lembi
918 2846 1173 2928 Graecorumque
1200 2858 1240 2909 ΙΙΙ

201 2951 296 3032 milia,
320 2972 340 3015 a
362 2951 470 3016 Persis
493 2950 639 3016 mercede
663 2950 829 3016 conducta.
855 2951 915 3015 His
937 2951 969 3014 in
986 2952 1239 3035 supplementum

202 3055 362 3140 copiarum
386 3076 513 3120 suarum
536 3053 712 3120 distributis
739 3055 913 3140 piratisque
937 3056 1092 3140 supplicio
1114 3055 1239 3120 affectis

201 3161 344 3246 captivos
367 3161 505 3244 remiges
529 3160 675 3225 adiecere
699 3161 794 3224 classi
817 3180 903 3225 suae.

148 3260 193 3331 24
305 3265 399 3330 Forte
422 3264 630 3344 Aristonicus,
656 3263 950 3347 Methymnaeorum
972 3272 1135 3348 tyrannus,
1168 3284 1239 3328 cum
1260 3278 1291 3327 lo

200 3367 342 3452 piraticis
366 3367 510 3446 navibus,
544 3367 675 3450 ignarus
710 3367 857 3447 omnium,
892 3387 974 3449 quae
1008 3366 1095 3452 apud
1125 3367 1239 3432 Chium

199 3477 272 3535 acta
302 3477 402 3549 erant,
435 3471 537 3554 prima
567 3470 679 3552 vigilia
708 3471 750 3534 ad
780 3477 888 3554 portus
920 3471 1057 3534 claustra
1087 3469 1239 3535 successit

200 3575 475 3657 interrogatusque
509 3595 529 3637 a
562 3574 757 3651 custodibus
793 3573 863 3655 quis
898 3581 993 3652 esset,
1026 3573 1239 3638 Aristonicum

199 3679 241 3742 ad
270 3678 514 3742 Pharnabazum
547 3677 657 3742 venire
691 3676 866 3762 respondit.
913 3677 964 3741 Illi
998 3677 1239 3742 Pharnabazum
1257 3695 1291 3743 20

199 3782 328 3864 quidem
350 3783 413 3847 iam
436 3781 600 3864 quiescere
631 3789 662 3846 et
684 3802 747 3846 non
768 3801 865 3866 posse
887 3787 954 3845 tum
977 3781 1067 3862 adiri,
1099 3788 1239 3846 ceterum

199 3893 308 3970 patere
332 3885 419 3950 socio
442 3892 540 3967 atque
563 3884 684 3970 hospiti
707 3891 831 3968 portum
863 3891 895 3948 et
917 3891 1044 3969 postero
1067 3884 1119 3949 die
1141 3882 1239 3947 Phar-

251 4021 350 4065 Curtius
363 4021 440 4064 Rufus
453 4033 502 4064 von
517 4019 640 4072 Stangl.
1118 4008 1134 4056 4
