3040 4318
287 246 349 312 102
675 243 706 308 o.
725 242 832 297 ouum
850 243 938 298 num

286 451 463 517 obscuritas
486 450 599 515 terrori
623 457 706 515 erat:
724 467 808 514 ‘nam
831 449 956 514 etiamsi
979 471 1043 532 qua
1067 451 1175 518 sidera
1197 455 1326 520 interni-

285 555 403 637 tebant,
436 555 611 621 continenti
633 553 745 622 fronde
768 561 871 619 tectae
894 553 1025 620 arbores
1048 557 1233 641 conspicere
1255 581 1326 645 pro-

285 660 447 726 hibebant.
493 660 543 724 Ne
576 659 700 724 aurium
733 657 862 741 quidem
895 678 971 724 usus
1009 670 1184 745 supererat,
1224 655 1325 730 silvas

220 805 223 812 ·
286 764 449 847 quatiente
471 770 576 844 vento,
601 763 934 846 quiconcurrentibus
948 764 1044 829 ramis
1060 765 1213 830 maiorem
1230 789 1325 850 quam

235 883 269 932 26
286 889 344 954 pro
366 867 444 932 flatu
466 887 578 933 sonum
603 865 726 931 edebat.
772 866 918 932 Tandem
941 875 1109 951 expectata
1131 870 1187 935 lux
1210 871 1325 950 omnia,

287 994 368 1056 quae
401 963 607 1037 terribiliora
623 992 687 1035 nox
719 969 848 1051 fecerat,
884 971 1012 1036 minuit:
1048 972 1206 1038 circumiri
1235 976 1326 1040 brevi

171 1134 174 1140 .
288 1077 391 1162 spatio
427 1083 552 1162 poterat
589 1075 721 1157 eluvies,
760 1082 793 1140 et
825 1075 892 1140 sibi
930 1076 1064 1159 quisque
1101 1078 1167 1143 dnx
1204 1072 1325 1144 itineris

234 1194 268 1246 27
287 1189 436 1266 coeperat
461 1179 538 1245 fieri.
583 1180 730 1246 Evadunt
760 1199 837 1263 ergo
867 1179 899 1244 in
929 1180 1049 1246 editum
1078 1182 1247 1248 verticem:
1278 1204 1318 1248 ex
1332 1178 1370 1254 16

288 1306 350 1368 quo
373 1284 520 1350 hostium
539 1284 674 1354 statione
706 1292 879 1369 conspecta
908 1293 1035 1350 strenue
1059 1287 1173 1351 armati
1195 1309 1215 1351 a
1236 1295 1327 1371 tergo

288 1410 322 1455 se
346 1389 515 1454 ostendunt
538 1387 617 1452 nihil
639 1388 702 1453 tale
725 1388 955 1454 metuentibus:
980 1384 1113 1471 quorum
1136 1391 1239 1476 pauci,
1273 1391 1327 1474 qui

236 1506 270 1556 28
289 1493 440 1576 congredi
462 1493 532 1558 ausi
555 1500 652 1574 erant,
678 1493 763 1558 caesi
787 1500 868 1557 sunt.
906 1494 1019 1576 Itaque
1034 1493 1108 1559 hino
1124 1495 1326 1560 morientium

288 1599 435 1682 gemitur,
467 1597 541 1663 hinc
571 1598 613 1662 ad
643 1617 718 1663 suos
746 1598 977 1664 recurrentium
1007 1599 1197 1665 miserabilis
1227 1599 1327 1666 facies

288 1704 429 1786 integros
460 1723 594 1786 quoque,
630 1710 809 1786 antequam·
831 1703 1002 1768 discrimen
1033 1705 1262 1790 experirentur,
1294 1699 1328 1770 in

236 1819 270 1870 29
289 1807 400 1890 fugam
423 1806 546 1872 avertit.
593 1807 735 1871 Fremitu
758 1806 874 1872 deinde
897 1807 930 1871 in
953 1815 1065 1890 castra,
1090 1809 1160 1891 quis
1178 1809 1327 1875 Craterus

287 1909 500 1995 praesidebat,
532 1909 621 1975 illato
644 1910 686 1974 ad
716 1910 917 1995 occupandas
947 1912 1120 1996 angustias,
1139 1912 1189 1976 -in
1212 1912 1328 1994 quibus

237 2027 271 2077 30
288 2013 391 2100 pridie
414 2015 593 2095 haeserant,
617 2015 708 2079 miles
731 2014 884 2080 educitur.
920 2015 1019 2080 Simul
1044 2023 1075 2080 et
1090 2015 1233 2080 Philotas
1257 2035 1328 2080 cnm

268 2165 270 2170 -
289 2118 523 2202 Polyperconte
538 2117 741 2201 Amyntaque
765 2125 797 2183 et
814 2116 921 2184 Coeno
943 2119 1104 2184 diversum
1119 2118 1187 2184 'iter
1201 2119 1328 2202 ingredi

237 2235 269 2285 31
289 2222 394 2286 iussus
427 2221 525 2286 alium
558 2229 712 2286 terrorem
741 2221 845 2287 intulit
877 2222 1026 2288 barbaris.
1073 2222 1220 2305 Undique
1252 2242 1328 2305 ergo

291 2326 500 2391 Macedonum
522 2326 619 2390 armis
656 2325 863 2407 fulgentibus,
892 2326 1023 2410 ancipiti
1055 2327 1139 2392 malo
1173 2327 1328 2410 oppressi,

289 2429 493 2494 memorabile
515 2437 622 2495 tamen
638 2429 795 2514 proelium
819 2429 926 2494 edunt.
962 2430 1005 2495 Ut
1020 2430 1140 2514 opinor,
1165 2430 1328 2513 ignaviam

237 2546 271 2595 32
290 2553 414 2616 qnoque
436 2533 611 2598 necessitas
642 2533 737 2614 acuit,
768 2541 800 2598 et
816 2553 912 2617 saepe
935 2533 1116 2618 desperatio
1140 2533 1210 2618 spei
1233 2531 1329 2599 causa

289 2644 345 2702 est.
380 2638 467 2702 Nudi
490 2637 780 2721 complectebantur
794 2644 932 2702 armatos
956 2645 997 2718 et,
1021 2637 1143 2720 ingenti
1162 2657 1328 2721 corporum

289 2742 372 2807 mole
392 2762 500 2808 seeum
515 2742 557 2806 ad
580 2750 698 2807 terram
722 2741 936 2822 detrahentes,
960 2742 1102 2826 ipsorum
1120 2741 1194 2807 telis
1210 2742 1327 2826 pleros-

238 2867 270 2915 33
290 2869 350 2930 que
374 2848 549 2914 fodiebant.
590 2847 823 2913 Ariobarzanes
845 2855 963 2929 tamen,
977 2859 1025 2910 XL
1046 2847 1147 2913 ferme
1170 2845 1327 2929 equitibus

290 2961 321 3018 et
345 2963 368 3016 V
388 2952 515 3018 milibus
528 2952 673 3038 peditum
697 2951 843 3035 stipatus,
867 2973 924 3036 per
946 2951 1086 3016 mediam
1108 2950 1211 3016 aciem
1226 2949 1328 3015 Mace·

290 3055 407 3121 donum
444 3077 516 3121 eum
553 3056 653 3120 multo
690 3071 817 3120 suorum
855 3062 949 3138 atque
995 3054 1132 3120 hostiurn
1170 3053 1326 3136 sanguine

289 3161 400 3246 erupit,
445 3159 641 3244 Persepolim
678 3161 798 3240 urbem,
845 3167 940 3244 caput
977 3157 1128 3242 regionis,
1170 3177 1326 3242 occupare

237 3281 271 3332 34
289 3263 452 3330 festinans.
500 3262 566 3328 Sed
588 3285 608 3328 a
632 3263 817 3328 custodibus
848 3263 935 3328 urbis
966 3261 1126 3342 exclusus,
1147 3260 1326 3326 consecutis

289 3377 416 3435 strenue
450 3369 603 3449 hostibus,
628 3387 700 3432 oum
731 3367 876 3432 omnibus
907 3367 1005 3450 fugae
1039 3365 1209 3432 comitibus
1239 3383 1326 3430 reno·

289 3481 364 3539 vato
395 3473 516 3558 proelio
546 3472 670 3537 cecidit.
719 3473 866 3537 Craterus
899 3491 1024 3554 quoque
1054 3469 1170 3553 raptim
1200 3468 1326 3552 agmine

289 3587 361 3645 acto
384 3579 577 3664 supervenit.

750 3684 815 3738 cip.
835 3685 866 3738 V.

256 3803 268 3850 1
392 3785 462 3850 Rex
499 3783 613 3850 eodem
650 3786 729 3866 loco,
768 3807 829 3868 quo
867 3786 1004 3851 hostiurn
1047 3784 1155 3868 copias
1194 3781 1378 3864 fuderatll

300 3897 407 3955 castra
449 3888 629 3953 communit.
687 3890 903 3972 Quamquam⁸
928 3889 1011 3955 enim
1048 3887 1186 3970 undique
1222 3884 1325 3969 fugati
