2976 4322
357 217 608 272 HISTORIARUM
626 217 841 273 ALEXANDRI
863 219 924 272 VIII
944 223 983 272 ll.
1005 223 1044 272 12.
1160 220 1222 285 237

181 423 295 488 lerunt.
331 423 391 489 Ille
414 425 500 490 facto
516 426 736 511 impunitatem
760 424 857 512 dedit,
880 426 1033 492 honorem
1049 427 1224 511 denegavit

182 528 340 613 exemplo.

128 629 174 700 42
288 633 371 698 Hinc
393 633 435 698 ad
462 633 579 712 flumen
606 634 723 698 Indum
747 634 989 700 sextisdecumis
1016 635 1129 701 castris
1160 647 1263 720 per-4

182 735 271 800 venit
305 737 483 820 omniaque,
507 746 543 803 ut
575 745 791 824 praeceperat,
819 739 876 804 ad'
896 739 1105 805 traiciendum
1139 760 1229 825 prae·

184 847 299 924 parata
314 841 356 906 ab
371 841 613 927 Hephaestione
629 842 780 928 repperit.
806 844 975 925 Regnabat
989 844 1024 909 in
1043 865 1082 909 ea
1096 843 1229 927 regione

183 945 327 1032 Omphis,
353 947 408 1030 qui
428 949 512 1034 patri
532 969 658 1032 quoque
675 949 787 1015 'luerat
805 957 918 1015 auctor
937 949 1075 1016 dedendi
1094 971 1230 1034 regnum

184 1051 371 1117 Alexandro
395 1059 427 1119 et
450 1061 524 1138 post
546 1060 682 1118 mortem
704 1054 847 1138 parentis
869 1053 996 1136 legatos
1011 1055 1152 1134 miserat,
1176 1055 1231 1136 qui
1249 1065 1265 1114 5

185 1155 387 1222 consulerent
410 1177 492 1238 eum,
515 1178 652 1240 regnare
676 1177 712 1223 se
735 1158 861 1224 interim
884 1158 982 1224 vellet
1008 1180 1049 1222 an
1071 1157 1231 1243 privatum

184 1260 324 1345 opperiri
347 1260 421 1325 eius
443 1261 626 1327 adventurn.
669 1262 902 1344 Permissoque,
925 1267 960 1326 ut
983 1269 1142 1344 regnaret,
1167 1273 1265 1327 nono

183 1377 290 1435 tamen
312 1363 363 1428 ius
387 1364 497 1429 datum
526 1385 679 1450 usurpare
702 1366 860 1431 sustinuit.
886 1367 918 1430 Is
941 1366 1079 1448 benigne
1102 1365 1232 1448 quidem

185 1475 357 1553 exceperat
388 1468 671 1552 Hephaestionem,
696 1470 871 1553 gratuitum
907 1469 1113 1548 frumentum¹
1129 1468 1231 1552 copiis

186 1571 256 1636 eius
280 1571 463 1653 admensus,
486 1580 679 1640 nontamen
703 1574 733 1639 ei
749 1581 939 1654 occurrerat,
962 1595 1002 1639 nc
1024 1573 1119 1638 fidem
1134 1572 1232 1636 ullius

185 1674 248 1738 nisi
272 1676 356 1758 regis
382 1677 587 1761 experiretur.
634 1679 747 1760 Itaque
770 1678 909 1743 venienti
940 1677 1067 1743 obviam
1090 1697 1162 1742 cum
1185 1689 1266 1750 are7

187 1786 274 1844 mato
299 1781 443 1844 exercitu
458 1799 610 1864 egressus
626 1789 682 1863 est,
709 1781 870 1867 elephanti
887 1802 1021 1864 quoque,
1035 1803 1092 1866 per
1106 1780 1233 1846 modica

186 1882 355 1948 intervalla
388 1883 523 1948 militurn
558 1885 679 1968 agmini
713 1885 859 1966 immixti,
882 1885 993 1970 procul
1028 1885 1231 1950 castellorum

186 1985 328 2052 fecerant
362 1987 511 2072 speciem.
559 1989 607 2054 Ac
640 1989 741 2074 primo
776 1989 961 2054 Alexander
998 2010 1062 2054 non
1096 1989 1264 2068 socium,ss

186 2081 245 2156 sed
275 2091 402 2158 hostem
436 2093 612 2160 adventare
646 2094 798 2160 credebat
830 2094 958 2177 iamque
989 2102 1021 2159 et
1050 2095 1120 2178 ipse
1146 2115 1234 2158 arma

187 2195 306 2261 milites
330 2215 446 2282 capere
474 2205 506 2263 et
537 2199 661 2281 equites
693 2198 859 2264 discedere
882 2199 915 2264 in
946 2219 1065 2264 cornua
1087 2199 1232 2278 iusserat,

189 2307 318 2384 paratus
335 2301 378 2366 ad
392 2322 543 2387 pugnam.
570 2303 612 2367 At
635 2303 734 2368 Indus
754 2303 882 2386 cognito
899 2303 1111 2368 Macedonum
1129 2323 1235 2368 errore

188 2405 286 2470 iussis
314 2406 487 2472 subsistere
511 2407 626 2472 ceteris
652 2405 723 2492 ipse
753 2407 890 2472 concitat
910 2425 1035 2490 equum,
1059 2427 1120 2490 quo
1143 2406 1254 2472 11111ιι

188 2510 295 2574 batur:
329 2508 415 2576 idem
449 2510 633 2577 Alexander
667 2531 793 2595 quoque
815 2511 901 2592 fecit,
936 2511 1004 2576 sive
1030 2509 1134 2576 hostis
1161 2511 1264 2575 sirac

187 2613 307 2678 amicus
332 2621 520 2694 occurreret,
542 2617 595 2682 rel
626 2634 685 2680 sua
715 2616 830 2681 virtute
853 2616 904 2680 vel
936 2615 1021 2679 illius
1048 2613 1110 2678 lide
1133 2621 1229 2678 tutus.

186 2713 307 2799 Colere,
333 2718 418 2801 quod
442 2741 482 2785 ex
504 2721 668 2804 utriusque
691 2721 781 2786 vultu
804 2727 914 2807 posset
941 2719 1095 2802 intellegi,
1119 2717 1233 2782 amicis

187 2822 317 2888 animis:
358 2831 499 2890 ceterum
537 2825 605 2891 sine
640 2826 813 2910 interprete
851 2847 914 2890 non
951 2829 1077 2908 poterat
1111 2822 1235 2888 conseri

188 2947 300 3003 sermo.
348 2928 462 3010 Itaque
485 2928 630 2994 adhibito
654 2949 692 2994 eo
717 2929 872 2995 barbarus
888 2927 1072 3015 occurrisse
1096 2947 1130 2992 se
1154 2926 1237 2990 dixit

188 3051 260 3095 cum
280 3031 431 3114 exercitu,
444 3039 529 3097 totas
547 3033 671 3118 imperii
695 3034 780 3098 vires
799 3033 943 3117 protinus
962 3031 1164 3111 traditurum,
1177 3050 1236 3096 neo

193 3142 389 3220 expectasse,
413 3136 488 3201 dum
510 3158 568 3222 per
590 3137 799 3203 internuntios
823 3137 950 3203 daretur
971 3135 1059 3201 fides.
1109 3135 1233 3219 Corpus
1253 3147 1286 3197 10

188 3257 278 3304 suum
308 3246 341 3304 et
373 3260 508 3323 regnum
547 3242 731 3326 permittere
751 3234 821 3321 illi,
857 3261 949 3324 quem
984 3239 1079 3305 sciret
1112 3239 1236 3322 gloriae

83 3417 87 3430 Ι
192 3343 381 3408 militantem
416 3343 494 3408 nihil
529 3345 632 3428 magIs
666 3365 761 3428 quam
785 3345 904 3408 famam
938 3344 1049 3409 timere
1074 3342 1237 3427 perfidiae.

140 3442 184 3514 43
200 3446 316 3513 Laetus
340 3447 545 3534 simplicitate
574 3449 703 3515 barbari
726 3470 782 3514 rex
805 3456 837 3514 ct
867 3449 1040 3527 dexteram,
1063 3447 1137 3512 fidei
1161 3467 1238 3512 suae

194 3551 320 3634 pignus,
346 3551 435 3617 dedit
458 3558 491 3617 et
516 3573 649 3636 regnum
672 3554 819 3619 restituit.
855 3563 917 3617 LVI
940 3551 1103 3635 elephanti
1138 3557 1287 3631 erant,11

193 3674 273 3736 quos
290 3655 421 3720 tradidit
436 3655 630 3738 Alexandro,
647 3658 810 3739 multaque
825 3675 942 3740 pecora
965 3654 1101 3719 eximiae
1117 3654 1239 3736 magni-

192 3757 321 3838 tudinis,
355 3765 463 3824 tauros
497 3761 540 3824 ad
564 3771 603 3823 ΙΙΙ
625 3761 722 3842 milia,
757 3761 929 3846 pretiosum
963 3760 996 3823 in
1031 3779 1068 3823 ea
1105 3757 1236 3840 regione

191 3866 425 3946 acceptumque
453 3865 567 3929 animis
597 3866 798 3948 regnantium
828 3871 1012 3929 armentum.
1066 3860 1239 3938 Quaerenti
1259 3873 1291 3921 12
