<?xml version="1.0" encoding="UTF-8"?>
<!DOCTYPE html PUBLIC "-//W3C//DTD XHTML 1.0 Transitional//EN"
    "http://www.w3.org/TR/xhtml1/DTD/xhtml1-transitional.dtd">
<html xmlns="http://www.w3.org/1999/xhtml" xml:lang="en" lang="en">
 <head>
  <title>
</title>
<meta http-equiv="Content-Type" content="text/html;charset=utf-8" />
  <meta name='ocr-system' content='tesseract 3.04.00' />
  <meta name='ocr-capabilities' content='ocr_page ocr_carea ocr_par ocr_line ocrx_word'/>
</head>
<body>
  <div class='ocr_page' id='page_1' title='image "./qcurtirufihisto00stangoog_0322.png"; bbox 0 0 2970 4322; ppageno 0'>
   <div class='ocr_carea' id='block_1_1' title="bbox 369 228 1222 302">
    <p class='ocr_par' dir='ltr' id='par_1_1' title="bbox 369 228 1222 302">
     <span class='ocr_line' id='line_1_1' title="bbox 369 228 1222 302; baseline 0.026 -22"><span class='ocrx_word' id='word_1_1' title='bbox 369 228 621 284; x_wconf 85' lang='lat' dir='ltr'><strong>HISTORIARUM</strong></span> <span class='ocrx_word' id='word_1_2' title='bbox 639 230 853 286; x_wconf 82' lang='lat' dir='ltr'><strong>ALEXANDRI</strong></span> <span class='ocrx_word' id='word_1_3' title='bbox 873 233 896 284; x_wconf 92' lang='lat' dir='ltr'>X</span> <span class='ocrx_word' id='word_1_4' title='bbox 916 237 939 285; x_wconf 84' lang='lat'><strong>2.</strong></span> <span class='ocrx_word' id='word_1_5' title='bbox 960 237 983 285; x_wconf 87' lang='lat'><strong>3.</strong></span> <span class='ocrx_word' id='word_1_6' title='bbox 1135 234 1198 299; x_wconf 82' lang='grc'><strong>289</strong></span> <span class='ocrx_word' id='word_1_7' title='bbox 1217 291 1222 302; x_wconf 96' lang='grc'>.</span> 
     </span>
    </p>
   </div>
   <div class='ocr_carea' id='block_1_2' title="bbox 159 430 1252 736">
    <p class='ocr_par' dir='ltr' id='par_1_2' title="bbox 159 430 1252 736">
     <span class='ocr_line' id='line_1_2' title="bbox 159 430 1252 527; baseline 0.012 -32"><span class='ocrx_word' id='word_1_8' title='bbox 159 430 331 516; x_wconf 80' lang='lat' dir='ltr'><strong>ginemque</strong></span> <span class='ocrx_word' id='word_1_9' title='bbox 354 435 548 518; x_wconf 86' lang='lat' dir='ltr'><strong>gladiorum!</strong></span> <span class='ocrx_word' id='word_1_10' title='bbox 588 439 659 504; x_wconf 91' lang='lat' dir='ltr'><strong>Hoc</strong></span> <span class='ocrx_word' id='word_1_11' title='bbox 682 441 769 504; x_wconf 89' lang='lat' dir='ltr'><strong>cultu</strong></span> <span class='ocrx_word' id='word_1_12' title='bbox 792 439 931 522; x_wconf 89' lang='lat' dir='ltr'><strong>nitentes</strong></span> <span class='ocrx_word' id='word_1_13' title='bbox 954 461 1017 506; x_wconf 86' lang='lat' dir='ltr'><strong>vos.</strong></span> <span class='ocrx_word' id='word_1_14' title='bbox 1034 443 1144 527; x_wconf 89' lang='lat' dir='ltr'><strong>accepi</strong></span> <span class='ocrx_word' id='word_1_15' title='bbox 1169 450 1200 508; x_wconf 89' lang='lat' dir='ltr'><strong>et</strong></span> <span class='ocrx_word' id='word_1_16' title='bbox 1219 441 1252 491; x_wconf 80' lang='lat'><strong>24</strong></span> 
     </span>
     <span class='ocr_line' id='line_1_3' title="bbox 159 538 1202 631; baseline 0.013 -34"><span class='ocrx_word' id='word_1_17' title='bbox 159 544 186 596; x_wconf 89' lang='lat' dir='ltr'><em>D</em></span> <span class='ocrx_word' id='word_1_18' title='bbox 214 538 333 604; x_wconf 87' lang='lat' dir='ltr'><strong>talenta</strong></span> <span class='ocrx_word' id='word_1_19' title='bbox 355 540 439 606; x_wconf 88' lang='lat' dir='ltr'><strong>acris</strong></span> <span class='ocrx_word' id='word_1_20' title='bbox 462 542 567 624; x_wconf 84' lang='lat' dir='ltr'><strong>alieni,</strong></span> <span class='ocrx_word' id='word_1_21' title='bbox 602 565 673 609; x_wconf 91' lang='lat' dir='ltr'><strong>cum</strong></span> <span class='ocrx_word' id='word_1_22' title='bbox 697 545 797 610; x_wconf 90' lang='lat' dir='ltr'><strong>omnis</strong></span> <span class='ocrx_word' id='word_1_23' title='bbox 827 545 918 629; x_wconf 83' lang='lat' dir='ltr'><strong>regie</strong></span> <span class='ocrx_word' id='word_1_24' title='bbox 940 546 1086 631; x_wconf 81' lang='lat' dir='ltr'>supellex</span> <span class='ocrx_word' id='word_1_25' title='bbox 1116 546 1202 611; x_wconf 90' lang='lat' dir='ltr'><strong>haud</strong></span> 
     </span>
     <span class='ocr_line' id='line_1_4' title="bbox 159 642 1200 736; baseline 0.01 -32"><span class='ocrx_word' id='word_1_26' title='bbox 159 642 297 726; x_wconf 85' lang='lat' dir='ltr'><strong>amplius</strong></span> <span class='ocrx_word' id='word_1_27' title='bbox 314 664 409 727; x_wconf 90' lang='lat' dir='ltr'><strong>quam</strong></span> <span class='ocrx_word' id='word_1_28' title='bbox 425 656 473 710; x_wconf 87' lang='lat' dir='ltr'><strong>LII</strong></span> <span class='ocrx_word' id='word_1_29' title='bbox 490 647 683 713; x_wconf 80' lang='lat' dir='ltr'><strong>talentorum</strong></span> <span class='ocrx_word' id='word_1_30' title='bbox 699 659 782 713; x_wconf 80' lang='lat' dir='ltr'><strong>essct.</strong></span> <span class='ocrx_word' id='word_1_31' title='bbox 816 648 897 713; x_wconf 81' lang='lat' dir='ltr'><strong>Ecce</strong></span> <span class='ocrx_word' id='word_1_32' title='bbox 912 670 1053 716; x_wconf 92' lang='lat' dir='ltr'><strong>meorum</strong></span> <span class='ocrx_word' id='word_1_33' title='bbox 1069 670 1200 736; x_wconf 84' lang='lat' dir='ltr'><strong>operum</strong></span> 
     </span>
    </p>
   </div>
   <div class='ocr_carea' id='block_1_3' title="bbox 158 744 1254 2297">
    <p class='ocr_par' dir='ltr' id='par_1_3' title="bbox 158 744 1254 2297">
     <span class='ocr_line' id='line_1_5' title="bbox 159 744 1200 839; baseline 0.011 -31"><span class='ocrx_word' id='word_1_34' title='bbox 159 744 386 815; x_wconf 81' lang='lat' dir='ltr'><strong>fundamenta!</strong></span> <span class='ocrx_word' id='word_1_35' title='bbox 411 751 528 833; x_wconf 94' lang='lat' dir='ltr'><strong>quibus</strong></span> <span class='ocrx_word' id='word_1_36' title='bbox 551 758 656 818; x_wconf 84' lang='lat' dir='ltr'><strong>tamen</strong></span> <span class='ocrx_word' id='word_1_37' title='bbox 673 790 713 800; x_wconf 90' lang='lat'>—</span> <span class='ocrx_word' id='word_1_38' title='bbox 730 753 814 818; x_wconf 87' lang='lat' dir='ltr'><strong>absit</strong></span> <span class='ocrx_word' id='word_1_39' title='bbox 836 752 958 818; x_wconf 87' lang='lat' dir='ltr'><strong>invidie</strong></span> <span class='ocrx_word' id='word_1_40' title='bbox 973 791 1014 799; x_wconf 93' lang='lat'><em>-</em></span> <span class='ocrx_word' id='word_1_41' title='bbox 1034 754 1200 839; x_wconf 89' lang='lat' dir='ltr'><strong>imperium</strong></span> 
     </span>
     <span class='ocr_line' id='line_1_6' title="bbox 158 851 1254 944; baseline 0.01 -30"><span class='ocrx_word' id='word_1_42' title='bbox 158 851 318 918; x_wconf 85' lang='lat' dir='ltr'><strong>maximae</strong></span> <span class='ocrx_word' id='word_1_43' title='bbox 349 860 503 920; x_wconf 90' lang='lat' dir='ltr'><strong>terrarum</strong></span> <span class='ocrx_word' id='word_1_44' title='bbox 533 857 631 941; x_wconf 84' lang='lat' dir='ltr'><strong>partis</strong></span> <span class='ocrx_word' id='word_1_45' title='bbox 662 857 811 941; x_wconf 92' lang='lat' dir='ltr'><strong>imposui.</strong></span> <span class='ocrx_word' id='word_1_46' title='bbox 856 857 994 923; x_wconf 80' lang='lat' dir='ltr'><strong>Asiaene</strong></span> <span class='ocrx_word' id='word_1_47' title='bbox 1017 866 1199 944; x_wconf 81' lang='lat' dir='ltr'><strong>pertaesum</strong></span> <span class='ocrx_word' id='word_1_48' title='bbox 1220 858 1254 910; x_wconf 85' lang='lat'><strong>25</strong></span> 
     </span>
     <span class='ocr_line' id='line_1_7' title="bbox 159 960 1201 1047; baseline 0.01 -29"><span class='ocrx_word' id='word_1_49' title='bbox 159 962 218 1037; x_wconf 90' lang='lat' dir='ltr'><strong>est,</strong></span> <span class='ocrx_word' id='word_1_50' title='bbox 250 977 331 1039; x_wconf 89' lang='lat' dir='ltr'><strong>quae</strong></span> <span class='ocrx_word' id='word_1_51' title='bbox 360 979 418 1025; x_wconf 90' lang='lat' dir='ltr'><strong>vos</strong></span> <span class='ocrx_word' id='word_1_52' title='bbox 447 960 549 1043; x_wconf 82' lang='lat' dir='ltr'><strong>gloria</strong></span> <span class='ocrx_word' id='word_1_53' title='bbox 577 981 683 1026; x_wconf 90' lang='lat' dir='ltr'><strong>rerum</strong></span> <span class='ocrx_word' id='word_1_54' title='bbox 713 968 876 1045; x_wconf 83' lang='lat' dir='ltr'><strong>gestarum</strong></span> <span class='ocrx_word' id='word_1_55' title='bbox 899 962 949 1028; x_wconf 92' lang='lat' dir='ltr'><strong>dis</strong></span> <span class='ocrx_word' id='word_1_56' title='bbox 979 984 1072 1047; x_wconf 89' lang='lat' dir='ltr'><strong>pares</strong></span> <span class='ocrx_word' id='word_1_57' title='bbox 1102 965 1201 1029; x_wconf 78' lang='lat' dir='ltr'><strong>fecit?</strong></span> 
     </span>
     <span class='ocr_line' id='line_1_8' title="bbox 159 1059 1201 1153; baseline 0.01 -30"><span class='ocrx_word' id='word_1_58' title='bbox 159 1059 199 1124; x_wconf 93' lang='lat' dir='ltr'><strong>In</strong></span> <span class='ocrx_word' id='word_1_59' title='bbox 223 1061 385 1147; x_wconf 83' lang='lat' dir='ltr'><strong>Europam</strong></span> <span class='ocrx_word' id='word_1_60' title='bbox 415 1064 462 1129; x_wconf 93' lang='lat' dir='ltr'><strong>ire</strong></span> <span class='ocrx_word' id='word_1_61' title='bbox 484 1066 665 1150; x_wconf 88' lang='lat' dir='ltr'><strong>properatis</strong></span> <span class='ocrx_word' id='word_1_62' title='bbox 694 1086 772 1149; x_wconf 83' lang='lat' dir='ltr'><strong>rege</strong></span> <span class='ocrx_word' id='word_1_63' title='bbox 795 1065 931 1147; x_wconf 89' lang='lat' dir='ltr'><strong>deserto,</strong></span> <span class='ocrx_word' id='word_1_64' title='bbox 964 1069 1201 1153; x_wconf 91' lang='lat' dir='ltr'><strong>cumpluribus</strong></span> 
     </span>
     <span class='ocr_line' id='line_1_9' title="bbox 159 1167 1201 1252; baseline 0.008 -23"><span class='ocrx_word' id='word_1_65' title='bbox 159 1173 304 1231; x_wconf 91' lang='lat' dir='ltr'><strong>vestrum</strong></span> <span class='ocrx_word' id='word_1_66' title='bbox 342 1167 526 1234; x_wconf 90' lang='lat' dir='ltr'><strong>defuturum</strong></span> <span class='ocrx_word' id='word_1_67' title='bbox 563 1171 712 1237; x_wconf 84' lang='lat' dir='ltr'><strong>viaticum</strong></span> <span class='ocrx_word' id='word_1_68' title='bbox 752 1169 856 1252; x_wconf 87' lang='lat' dir='ltr'><strong>fuerit,</strong></span> <span class='ocrx_word' id='word_1_69' title='bbox 898 1170 932 1235; x_wconf 92' lang='lat' dir='ltr'><strong>ni</strong></span> <span class='ocrx_word' id='word_1_70' title='bbox 969 1192 1024 1238; x_wconf 84' lang='lat' dir='ltr'><strong>aes</strong></span> <span class='ocrx_word' id='word_1_71' title='bbox 1061 1173 1201 1238; x_wconf 85' lang='lat' dir='ltr'><strong>alienum</strong></span> 
     </span>
     <span class='ocr_line' id='line_1_10' title="bbox 159 1270 1253 1361; baseline 0.006 -28"><span class='ocrx_word' id='word_1_72' title='bbox 159 1270 300 1352; x_wconf 89' lang='lat' dir='ltr'><strong>luissem,</strong></span> <span class='ocrx_word' id='word_1_73' title='bbox 335 1293 450 1358; x_wconf 89' lang='lat' dir='ltr'><strong>nempe</strong></span> <span class='ocrx_word' id='word_1_74' title='bbox 483 1274 515 1338; x_wconf 93' lang='lat' dir='ltr'><strong>in</strong></span> <span class='ocrx_word' id='word_1_75' title='bbox 550 1275 693 1340; x_wconf 86' lang='lat' dir='ltr'><strong>Asiatica</strong></span> <span class='ocrx_word' id='word_1_76' title='bbox 725 1275 852 1359; x_wconf 82' lang='lat' dir='ltr'><strong>praeda</strong></span> <span class='ocrx_word' id='word_1_77' title='bbox 898 1274 967 1341; x_wconf 88' lang='lat' dir='ltr'><strong>Nec</strong></span> <span class='ocrx_word' id='word_1_78' title='bbox 1002 1275 1100 1361; x_wconf 91' lang='lat' dir='ltr'><strong>pudet</strong></span> <span class='ocrx_word' id='word_1_79' title='bbox 1133 1296 1202 1361; x_wconf 93' lang='lat' dir='ltr'><strong>pro·</strong></span> <span class='ocrx_word' id='word_1_80' title='bbox 1220 1285 1253 1334; x_wconf 79' lang='lat'><strong>26</strong></span> 
     </span>
     <span class='ocr_line' id='line_1_11' title="bbox 159 1374 1200 1464; baseline 0.008 -26"><span class='ocrx_word' id='word_1_81' title='bbox 159 1374 259 1440; x_wconf 95' lang='lat' dir='ltr'><strong>fundo</strong></span> <span class='ocrx_word' id='word_1_82' title='bbox 282 1383 394 1443; x_wconf 87' lang='lat' dir='ltr'><strong>ventre</strong></span> <span class='ocrx_word' id='word_1_83' title='bbox 418 1377 615 1444; x_wconf 83' lang='lat' dir='ltr'><strong>devictarum</strong></span> <span class='ocrx_word' id='word_1_84' title='bbox 645 1380 787 1462; x_wconf 82' lang='lat' dir='ltr'><strong>gentium</strong></span> <span class='ocrx_word' id='word_1_85' title='bbox 811 1379 913 1464; x_wconf 90' lang='lat' dir='ltr'><strong>spolia</strong></span> <span class='ocrx_word' id='word_1_86' title='bbox 943 1379 1200 1446; x_wconf 78' lang='lat' dir='ltr'><strong>circumferentes</strong></span> 
     </span>
     <span class='ocr_line' id='line_1_12' title="bbox 158 1481 1201 1570; baseline 0.008 -27"><span class='ocrx_word' id='word_1_87' title='bbox 158 1481 276 1545; x_wconf 84' lang='lat' dir='ltr'><strong>reverti</strong></span> <span class='ocrx_word' id='word_1_88' title='bbox 292 1482 376 1547; x_wconf 87' lang='lat' dir='ltr'><strong>velle</strong></span> <span class='ocrx_word' id='word_1_89' title='bbox 399 1482 441 1547; x_wconf 85' lang='lat' dir='ltr'><strong>ad</strong></span> <span class='ocrx_word' id='word_1_90' title='bbox 463 1483 580 1549; x_wconf 90' lang='lat' dir='ltr'><strong>liberos</strong></span> <span class='ocrx_word' id='word_1_91' title='bbox 603 1484 831 1568; x_wconf 81' lang='lat' dir='ltr'><strong>coniugesque,</strong></span> <span class='ocrx_word' id='word_1_92' title='bbox 855 1483 970 1568; x_wconf 92' lang='lat' dir='ltr'><strong>quibus</strong></span> <span class='ocrx_word' id='word_1_93' title='bbox 993 1483 1088 1569; x_wconf 88' lang='lat' dir='ltr'><strong>pauci</strong></span> <span class='ocrx_word' id='word_1_94' title='bbox 1111 1506 1201 1570; x_wconf 89' lang='lat' dir='ltr'><strong>prae-</strong></span> 
     </span>
     <span class='ocr_line' id='line_1_13' title="bbox 159 1585 1201 1672; baseline 0.005 -24"><span class='ocrx_word' id='word_1_95' title='bbox 159 1585 225 1649; x_wconf 88' lang='lat' dir='ltr'><strong>mia</strong></span> <span class='ocrx_word' id='word_1_96' title='bbox 247 1586 400 1652; x_wconf 87' lang='lat' dir='ltr'><strong>victoriae</strong></span> <span class='ocrx_word' id='word_1_97' title='bbox 431 1588 562 1672; x_wconf 90' lang='lat' dir='ltr'><strong>potestis</strong></span> <span class='ocrx_word' id='word_1_98' title='bbox 586 1588 771 1653; x_wconf 89' lang='lat' dir='ltr'><strong>ostendere:</strong></span> <span class='ocrx_word' id='word_1_99' title='bbox 806 1609 881 1654; x_wconf 85' lang='lat' dir='ltr'><strong>nam</strong></span> <span class='ocrx_word' id='word_1_100' title='bbox 905 1596 1092 1670; x_wconf 89' lang='lat' dir='ltr'><strong>ceterorum,</strong></span> <span class='ocrx_word' id='word_1_101' title='bbox 1127 1588 1201 1653; x_wconf 95' lang='lat' dir='ltr'><strong>dum</strong></span> 
     </span>
     <span class='ocr_line' id='line_1_14' title="bbox 159 1689 1201 1778; baseline 0.004 -25"><span class='ocrx_word' id='word_1_102' title='bbox 159 1689 257 1756; x_wconf 91' lang='lat' dir='ltr'><strong>etiam</strong></span> <span class='ocrx_word' id='word_1_103' title='bbox 288 1691 356 1776; x_wconf 92' lang='lat' dir='ltr'><strong>spei</strong></span> <span class='ocrx_word' id='word_1_104' title='bbox 386 1698 512 1757; x_wconf 85' lang='lat' dir='ltr'><strong>vestrae</strong></span> <span class='ocrx_word' id='word_1_105' title='bbox 543 1689 670 1758; x_wconf 86' lang='lat' dir='ltr'><strong>obviam</strong></span> <span class='ocrx_word' id='word_1_106' title='bbox 692 1692 771 1774; x_wconf 91' lang='lat' dir='ltr'><strong>istis,</strong></span> <span class='ocrx_word' id='word_1_107' title='bbox 801 1713 890 1757; x_wconf 90' lang='lat' dir='ltr'><strong>arma</strong></span> <span class='ocrx_word' id='word_1_108' title='bbox 921 1712 1046 1775; x_wconf 91' lang='lat' dir='ltr'><strong>quoquc</strong></span> <span class='ocrx_word' id='word_1_109' title='bbox 1077 1691 1201 1778; x_wconf 78' lang='lat' dir='ltr'><strong>pignori</strong></span> 
     </span>
     <span class='ocr_line' id='line_1_15' title="bbox 159 1795 1252 1881; baseline -0.004 -23"><span class='ocrx_word' id='word_1_110' title='bbox 159 1800 242 1860; x_wconf 90' lang='lat' dir='ltr'><strong>sunt.</strong></span> <span class='ocrx_word' id='word_1_111' title='bbox 278 1795 376 1861; x_wconf 88' lang='lat' dir='ltr'><strong>Bonis</strong></span> <span class='ocrx_word' id='word_1_112' title='bbox 391 1815 466 1860; x_wconf 89' lang='lat' dir='ltr'><strong>vero</strong></span> <span class='ocrx_word' id='word_1_113' title='bbox 482 1795 634 1861; x_wconf 82' lang='lat' dir='ltr'><strong>militibus</strong></span> <span class='ocrx_word' id='word_1_114' title='bbox 651 1795 807 1861; x_wconf 89' lang='lat' dir='ltr'><strong>cariturus</strong></span> <span class='ocrx_word' id='word_1_115' title='bbox 823 1815 904 1877; x_wconf 90' lang='lat' dir='ltr'><strong>sum,</strong></span> <span class='ocrx_word' id='word_1_116' title='bbox 920 1796 1057 1881; x_wconf 91' lang='lat' dir='ltr'><strong>pelicum</strong></span> <span class='ocrx_word' id='word_1_117' title='bbox 1073 1815 1200 1861; x_wconf 88' lang='lat' dir='ltr'><strong>suarum</strong></span> <span class='ocrx_word' id='word_1_118' title='bbox 1220 1805 1252 1854; x_wconf 81' lang='lat'><strong>27</strong></span> 
     </span>
     <span class='ocr_line' id='line_1_16' title="bbox 161 1899 1197 1984; baseline 0.001 -20"><span class='ocrx_word' id='word_1_119' title='bbox 161 1899 358 1982; x_wconf 90' lang='lat' dir='ltr'><strong>concubinis,</strong></span> <span class='ocrx_word' id='word_1_120' title='bbox 382 1900 497 1984; x_wconf 91' lang='lat' dir='ltr'><strong>quibus</strong></span> <span class='ocrx_word' id='word_1_121' title='bbox 520 1899 581 1966; x_wconf 91' lang='lat' dir='ltr'><strong>hoo</strong></span> <span class='ocrx_word' id='word_1_122' title='bbox 604 1899 706 1964; x_wconf 92' lang='lat' dir='ltr'><strong>solum</strong></span> <span class='ocrx_word' id='word_1_123' title='bbox 731 1919 772 1964; x_wconf 85' lang='lat' dir='ltr'><strong>ex</strong></span> <span class='ocrx_word' id='word_1_124' title='bbox 794 1899 890 1964; x_wconf 87' lang='lat' dir='ltr'><strong>tantis</strong></span> <span class='ocrx_word' id='word_1_125' title='bbox 914 1900 1028 1984; x_wconf 91' lang='lat' dir='ltr'><strong>opibus</strong></span> <span class='ocrx_word' id='word_1_126' title='bbox 1053 1919 1197 1984; x_wconf 85' lang='lat' dir='ltr'><strong>superes,</strong></span> 
     </span>
     <span class='ocr_line' id='line_1_17' title="bbox 159 2001 1201 2089; baseline -0.001 -21"><span class='ocrx_word' id='word_1_127' title='bbox 159 2006 193 2070; x_wconf 91' lang='lat' dir='ltr'><strong>in</strong></span> <span class='ocrx_word' id='word_1_128' title='bbox 228 2004 313 2088; x_wconf 93' lang='lat' dir='ltr'><strong>quod</strong></span> <span class='ocrx_word' id='word_1_129' title='bbox 335 2003 546 2089; x_wconf 84' lang='lat' dir='ltr'><strong>impenditur!</strong></span> <span class='ocrx_word' id='word_1_130' title='bbox 591 2001 728 2068; x_wconf 88' lang='lat' dir='ltr'><strong>Proinde</strong></span> <span class='ocrx_word' id='word_1_131' title='bbox 764 2003 959 2087; x_wconf 84' lang='lat' dir='ltr'><strong>fugientibus</strong></span> <span class='ocrx_word' id='word_1_132' title='bbox 994 2025 1045 2069; x_wconf 91' lang='lat' dir='ltr'><strong>me</strong></span> <span class='ocrx_word' id='word_1_133' title='bbox 1071 2010 1201 2088; x_wconf 87' lang='lat' dir='ltr'><strong>pateant</strong></span> 
     </span>
     <span class='ocr_line' id='line_1_18' title="bbox 159 2107 1201 2192; baseline 0 -20"><span class='ocrx_word' id='word_1_134' title='bbox 159 2107 293 2174; x_wconf 89' lang='lat' dir='ltr'><strong>limites:</strong></span> <span class='ocrx_word' id='word_1_135' title='bbox 318 2108 467 2174; x_wconf 88' lang='lat' dir='ltr'><strong>facessite</strong></span> <span class='ocrx_word' id='word_1_136' title='bbox 490 2107 564 2173; x_wconf 87' lang='lat' dir='ltr'><strong>hino</strong></span> <span class='ocrx_word' id='word_1_137' title='bbox 588 2108 686 2189; x_wconf 89' lang='lat' dir='ltr'><strong>ocius,</strong></span> <span class='ocrx_word' id='word_1_138' title='bbox 711 2128 770 2192; x_wconf 83' lang='lat' dir='ltr'><strong>ego</strong></span> <span class='ocrx_word' id='word_1_139' title='bbox 794 2128 864 2174; x_wconf 89' lang='lat' dir='ltr'><strong>cum</strong></span> <span class='ocrx_word' id='word_1_140' title='bbox 887 2108 993 2173; x_wconf 90' lang='lat' dir='ltr'><strong>Persis</strong></span> <span class='ocrx_word' id='word_1_141' title='bbox 1016 2108 1201 2173; x_wconf 84' lang='lat' dir='ltr'><strong>abeuntium</strong></span> 
     </span>
     <span class='ocr_line' id='line_1_19' title="bbox 158 2212 1200 2297; baseline 0 -20"><span class='ocrx_word' id='word_1_142' title='bbox 158 2221 252 2297; x_wconf 81' lang='lat' dir='ltr'><strong>terga</strong></span> <span class='ocrx_word' id='word_1_143' title='bbox 281 2214 416 2278; x_wconf 87' lang='lat' dir='ltr'><strong>tutabor.</strong></span> <span class='ocrx_word' id='word_1_144' title='bbox 462 2212 629 2278; x_wconf 89' lang='lat' dir='ltr'><strong>Neminem</strong></span> <span class='ocrx_word' id='word_1_145' title='bbox 659 2220 770 2278; x_wconf 90' lang='lat' dir='ltr'><strong>tenco:</strong></span> <span class='ocrx_word' id='word_1_146' title='bbox 805 2212 940 2278; x_wconf 89' lang='lat' dir='ltr'><strong>liberate</strong></span> <span class='ocrx_word' id='word_1_147' title='bbox 970 2213 1079 2277; x_wconf 94' lang='lat' dir='ltr'><strong>oculos</strong></span> <span class='ocrx_word' id='word_1_148' title='bbox 1102 2233 1200 2293; x_wconf 87' lang='lat' dir='ltr'><strong>meos,</strong></span> 
     </span>
    </p>
   </div>
   <div class='ocr_carea' id='block_1_4' title="bbox 105 2421 1253 3448">
    <p class='ocr_par' dir='ltr' id='par_1_4' title="bbox 159 2421 1253 3032">
     <span class='ocr_line' id='line_1_20' title="bbox 159 2421 1201 2506; baseline -0.002 -18"><span class='ocrx_word' id='word_1_149' title='bbox 159 2423 228 2488; x_wconf 89' lang='lat' dir='ltr'><strong>sine</strong></span> <span class='ocrx_word' id='word_1_150' title='bbox 259 2430 365 2489; x_wconf 88' lang='lat' dir='ltr'><strong>vestro</strong></span> <span class='ocrx_word' id='word_1_151' title='bbox 396 2443 473 2506; x_wconf 85' lang='lat' dir='ltr'><strong>rege</strong></span> <span class='ocrx_word' id='word_1_152' title='bbox 502 2423 682 2504; x_wconf 88' lang='lat' dir='ltr'><strong>redeuntes,</strong></span> <span class='ocrx_word' id='word_1_153' title='bbox 713 2423 839 2488; x_wconf 87' lang='lat' dir='ltr'><strong>obviam</strong></span> <span class='ocrx_word' id='word_1_154' title='bbox 862 2423 954 2488; x_wconf 93' lang='lat' dir='ltr'><strong>ibunt</strong></span> <span class='ocrx_word' id='word_1_155' title='bbox 984 2421 1201 2486; x_wconf 89' lang='lat' dir='ltr'><strong>desertoribus</strong></span> 
     </span>
     <span class='ocr_line' id='line_1_21' title="bbox 159 2525 1253 2611; baseline -0.003 -19"><span class='ocrx_word' id='word_1_156' title='bbox 159 2527 413 2610; x_wconf 84' lang='lat' dir='ltr'><strong>transfugisquc!</strong></span> <span class='ocrx_word' id='word_1_157' title='bbox 458 2526 675 2611; x_wconf 85' lang='lat' dir='ltr'><strong>Triumphabo</strong></span> <span class='ocrx_word' id='word_1_158' title='bbox 706 2525 887 2591; x_wconf 91' lang='lat' dir='ltr'><strong>mehercule</strong></span> <span class='ocrx_word' id='word_1_159' title='bbox 918 2525 958 2591; x_wconf 90' lang='lat' dir='ltr'><strong>dc</strong></span> <span class='ocrx_word' id='word_1_160' title='bbox 989 2527 1067 2609; x_wconf 81' lang='lat' dir='ltr'><strong>fuga</strong></span> <span class='ocrx_word' id='word_1_161' title='bbox 1092 2533 1200 2591; x_wconf 87' lang='lat' dir='ltr'><strong>vestra</strong></span> <span class='ocrx_word' id='word_1_162' title='bbox 1220 2534 1253 2584; x_wconf 82' lang='lat'><strong>29</strong></span> 
     </span>
     <span class='ocr_line' id='line_1_22' title="bbox 161 2629 1200 2715; baseline -0.004 -17"><span class='ocrx_word' id='word_1_163' title='bbox 161 2640 202 2714; x_wconf 85' lang='lat' dir='ltr'><strong>ct,</strong></span> <span class='ocrx_word' id='word_1_164' title='bbox 226 2632 418 2714; x_wconf 89' lang='lat' dir='ltr'><strong>ubicumque</strong></span> <span class='ocrx_word' id='word_1_165' title='bbox 437 2651 502 2712; x_wconf 92' lang='lat' dir='ltr'><strong>ero,</strong></span> <span class='ocrx_word' id='word_1_166' title='bbox 526 2638 673 2715; x_wconf 85' lang='lat' dir='ltr'><strong>expetam</strong></span> <span class='ocrx_word' id='word_1_167' title='bbox 693 2650 814 2714; x_wconf 87' lang='lat' dir='ltr'><strong>poenas</strong></span> <span class='ocrx_word' id='word_1_168' title='bbox 835 2630 902 2710; x_wconf 89' lang='lat' dir='ltr'><strong>hos,</strong></span> <span class='ocrx_word' id='word_1_169' title='bbox 926 2650 997 2694; x_wconf 90' lang='lat' dir='ltr'><strong>oum</strong></span> <span class='ocrx_word' id='word_1_170' title='bbox 1017 2629 1131 2712; x_wconf 92' lang='lat' dir='ltr'><strong>quibus</strong></span> <span class='ocrx_word' id='word_1_171' title='bbox 1152 2651 1200 2695; x_wconf 93' lang='lat' dir='ltr'><strong>me</strong></span> 
     </span>
     <span class='ocr_line' id='line_1_23' title="bbox 160 2734 1200 2821; baseline -0.006 -18"><span class='ocrx_word' id='word_1_172' title='bbox 160 2736 348 2820; x_wconf 89' lang='lat' dir='ltr'><strong>relinquitis,</strong></span> <span class='ocrx_word' id='word_1_173' title='bbox 378 2735 512 2802; x_wconf 87' lang='lat' dir='ltr'><strong>colendo</strong></span> <span class='ocrx_word' id='word_1_174' title='bbox 542 2734 817 2821; x_wconf 88' lang='lat' dir='ltr'><strong>praeferendoque</strong></span> <span class='ocrx_word' id='word_1_175' title='bbox 847 2734 947 2799; x_wconf 87' lang='lat' dir='ltr'><strong>vobis.</strong></span> <span class='ocrx_word' id='word_1_176' title='bbox 994 2735 1064 2799; x_wconf 88' lang='lat' dir='ltr'><strong>Iam</strong></span> <span class='ocrx_word' id='word_1_177' title='bbox 1094 2742 1200 2798; x_wconf 84' lang='lat' dir='ltr'><strong>autem</strong></span> 
     </span>
     <span class='ocr_line' id='line_1_24' title="bbox 160 2837 1201 2924; baseline -0.007 -16"><span class='ocrx_word' id='word_1_178' title='bbox 160 2842 279 2924; x_wconf 91' lang='lat' dir='ltr'><strong>scietis,</strong></span> <span class='ocrx_word' id='word_1_179' title='bbox 310 2847 342 2906; x_wconf 89' lang='lat' dir='ltr'><strong>ct</strong></span> <span class='ocrx_word' id='word_1_180' title='bbox 372 2849 526 2924; x_wconf 90' lang='lat' dir='ltr'><strong>quantum</strong></span> <span class='ocrx_word' id='word_1_181' title='bbox 549 2841 617 2906; x_wconf 89' lang='lat' dir='ltr'><strong>sine</strong></span> <span class='ocrx_word' id='word_1_182' title='bbox 648 2859 724 2922; x_wconf 84' lang='lat' dir='ltr'><strong>rege</strong></span> <span class='ocrx_word' id='word_1_183' title='bbox 747 2839 852 2905; x_wconf 86' lang='lat' dir='ltr'><strong>valeat</strong></span> <span class='ocrx_word' id='word_1_184' title='bbox 882 2837 1038 2904; x_wconf 84' lang='lat' dir='ltr'><strong>exercitus</strong></span> <span class='ocrx_word' id='word_1_185' title='bbox 1062 2845 1093 2904; x_wconf 89' lang='lat' dir='ltr'><strong>et</strong></span> <span class='ocrx_word' id='word_1_186' title='bbox 1124 2837 1201 2920; x_wconf 94' lang='lat' dir='ltr'><strong>quid</strong></span> 
     </span>
     <span class='ocr_line' id='line_1_25' title="bbox 160 2945 527 3032; baseline -0.011 -19"><span class='ocrx_word' id='word_1_187' title='bbox 160 2947 230 3032; x_wconf 93' lang='lat' dir='ltr'><strong>opis</strong></span> <span class='ocrx_word' id='word_1_188' title='bbox 252 2946 286 3012; x_wconf 91' lang='lat' dir='ltr'><strong>in</strong></span> <span class='ocrx_word' id='word_1_189' title='bbox 308 2965 360 3011; x_wconf 92' lang='lat' dir='ltr'><strong>me</strong></span> <span class='ocrx_word' id='word_1_190' title='bbox 381 2965 445 3010; x_wconf 92' lang='lat' dir='ltr'><strong>uno</strong></span> <span class='ocrx_word' id='word_1_191' title='bbox 468 2945 527 3012; x_wconf 71' lang='lat' dir='ltr'><strong>sit?</strong></span> 
     </span>
    </p>

    <p class='ocr_par' dir='ltr' id='par_1_5' title="bbox 105 3045 1253 3448">
     <span class='ocr_line' id='line_1_26' title="bbox 105 3045 1253 3118; baseline -0.005 0"><span class='ocrx_word' id='word_1_192' title='bbox 105 3048 143 3118; x_wconf 90' lang='lat' dir='ltr'><strong>ll</strong></span> <span class='ocrx_word' id='word_1_193' title='bbox 263 3049 402 3116; x_wconf 90' lang='lat' dir='ltr'><strong>Desiluit</strong></span> <span class='ocrx_word' id='word_1_194' title='bbox 417 3049 531 3114; x_wconf 88' lang='lat' dir='ltr'><strong>deinde</strong></span> <span class='ocrx_word' id='word_1_195' title='bbox 554 3049 704 3113; x_wconf 88' lang='lat' dir='ltr'><strong>frendens</strong></span> <span class='ocrx_word' id='word_1_196' title='bbox 728 3047 767 3112; x_wconf 93' lang='lat' dir='ltr'><strong>de</strong></span> <span class='ocrx_word' id='word_1_197' title='bbox 782 3046 932 3112; x_wconf 87' lang='lat' dir='ltr'><strong>tribunali</strong></span> <span class='ocrx_word' id='word_1_198' title='bbox 955 3054 987 3111; x_wconf 89' lang='lat' dir='ltr'><strong>ct</strong></span> <span class='ocrx_word' id='word_1_199' title='bbox 1009 3046 1042 3110; x_wconf 90' lang='lat' dir='ltr'><strong>in</strong></span> <span class='ocrx_word' id='word_1_200' title='bbox 1063 3045 1200 3110; x_wconf 90' lang='lat' dir='ltr'><strong>medium</strong></span> <span class='ocrx_word' id='word_1_201' title='bbox 1219 3062 1253 3112; x_wconf 83' lang='lat'><strong>30</strong></span> 
     </span>
     <span class='ocr_line' id='line_1_27' title="bbox 160 3150 1200 3236; baseline -0.004 -16"><span class='ocrx_word' id='word_1_202' title='bbox 160 3161 354 3220; x_wconf 88' lang='lat' dir='ltr'><strong>armatorum</strong></span> <span class='ocrx_word' id='word_1_203' title='bbox 366 3173 481 3236; x_wconf 79' lang='lat' dir='ltr'><strong>agmen</strong></span> <span class='ocrx_word' id='word_1_204' title='bbox 501 3173 535 3218; x_wconf 93' lang='lat' dir='ltr'><strong>se</strong></span> <span class='ocrx_word' id='word_1_205' title='bbox 554 3153 695 3234; x_wconf 88' lang='lat' dir='ltr'><strong>immisit,</strong></span> <span class='ocrx_word' id='word_1_206' title='bbox 711 3158 835 3216; x_wconf 86' lang='lat' dir='ltr'><strong>notatos</strong></span> <span class='ocrx_word' id='word_1_207' title='bbox 854 3171 991 3235; x_wconf 90' lang='lat' dir='ltr'><strong>quoque,</strong></span> <span class='ocrx_word' id='word_1_208' title='bbox 1004 3150 1057 3233; x_wconf 92' lang='lat' dir='ltr'><strong>qui</strong></span> <span class='ocrx_word' id='word_1_209' title='bbox 1073 3151 1200 3216; x_wconf 87' lang='lat' dir='ltr'><strong>ferocis-</strong></span> 
     </span>
     <span class='ocr_line' id='line_1_28' title="bbox 160 3255 1199 3340; baseline -0.005 -15"><span class='ocrx_word' id='word_1_210' title='bbox 160 3260 240 3325; x_wconf 91' lang='lat' dir='ltr'><strong>sime</strong></span> <span class='ocrx_word' id='word_1_211' title='bbox 264 3257 406 3324; x_wconf 93' lang='lat' dir='ltr'><strong>oblocuti</strong></span> <span class='ocrx_word' id='word_1_212' title='bbox 429 3263 529 3338; x_wconf 88' lang='lat' dir='ltr'><strong>erant,</strong></span> <span class='ocrx_word' id='word_1_213' title='bbox 564 3256 708 3338; x_wconf 82' lang='lat' dir='ltr'><strong>singulos</strong></span> <span class='ocrx_word' id='word_1_214' title='bbox 731 3275 827 3320; x_wconf 86' lang='lat' dir='ltr'><strong>manu</strong></span> <span class='ocrx_word' id='word_1_215' title='bbox 844 3255 994 3340; x_wconf 90' lang='lat' dir='ltr'><strong>corripuit</strong></span> <span class='ocrx_word' id='word_1_216' title='bbox 1023 3274 1082 3319; x_wconf 90' lang='lat' dir='ltr'><strong>nec</strong></span> <span class='ocrx_word' id='word_1_217' title='bbox 1105 3275 1199 3320; x_wconf 83' lang='lat' dir='ltr'><strong>ausos</strong></span> 
     </span>
     <span class='ocr_line' id='line_1_29' title="bbox 159 3359 1196 3448; baseline -0.006 -20"><span class='ocrx_word' id='word_1_218' title='bbox 159 3382 340 3448; x_wconf 79' lang='lat' dir='ltr'><strong>repugnare</strong></span> <span class='ocrx_word' id='word_1_219' title='bbox 364 3372 429 3424; x_wconf 82' lang='lat' dir='ltr'>XIII</span> <span class='ocrx_word' id='word_1_220' title='bbox 455 3361 665 3427; x_wconf 86' lang='lat' dir='ltr'><strong>asservandos</strong></span> <span class='ocrx_word' id='word_1_221' title='bbox 689 3360 872 3426; x_wconf 89' lang='lat' dir='ltr'><strong>custodibus</strong></span> <span class='ocrx_word' id='word_1_222' title='bbox 899 3359 1037 3444; x_wconf 90' lang='lat' dir='ltr'><strong>corporis</strong></span> <span class='ocrx_word' id='word_1_223' title='bbox 1060 3359 1196 3424; x_wconf 81' lang='lat' dir='ltr'><strong>tradidit.</strong></span> 
     </span>
    </p>
   </div>
   <div class='ocr_carea' id='block_1_5' title="bbox 618 3554 750 3609">
    <p class='ocr_par' dir='ltr' id='par_1_6' title="bbox 618 3554 750 3609">
     <span class='ocr_line' id='line_1_30' title="bbox 618 3554 750 3609; baseline -0.008 0"><span class='ocrx_word' id='word_1_224' title='bbox 618 3555 683 3609; x_wconf 75' lang='lat' dir='ltr'><strong>Car.</strong></span> <span class='ocrx_word' id='word_1_225' title='bbox 701 3554 750 3608; x_wconf 91' lang='grc' dir='ltr'><strong>ΠΙ.</strong></span> 
     </span>
    </p>
   </div>
   <div class='ocr_carea' id='block_1_6' title="bbox 159 3671 1233 3967">
    <p class='ocr_par' dir='ltr' id='par_1_7' title="bbox 159 3671 1233 3967">
     <span class='ocr_line' id='line_1_31' title="bbox 266 3671 1231 3758; baseline -0.006 -17"><span class='ocrx_word' id='word_1_226' title='bbox 266 3674 345 3753; x_wconf 82' lang='lat' dir='ltr'><strong>Quis</strong></span> <span class='ocrx_word' id='word_1_227' title='bbox 375 3676 517 3742; x_wconf 89' lang='lat' dir='ltr'><strong>crederet</strong></span> <span class='ocrx_word' id='word_1_228' title='bbox 547 3695 675 3740; x_wconf 84' lang='lat' dir='ltr'><strong>saevam</strong></span> <span class='ocrx_word' id='word_1_229' title='bbox 708 3674 804 3758; x_wconf 91' lang='lat' dir='ltr'><strong>paulo</strong></span> <span class='ocrx_word' id='word_1_230' title='bbox 834 3681 909 3739; x_wconf 86' lang='lat' dir='ltr'><strong>ante</strong></span> <span class='ocrx_word' id='word_1_231' title='bbox 939 3672 1118 3738; x_wconf 89' lang='lat' dir='ltr'><strong>contionem</strong></span> <span class='ocrx_word' id='word_1_232' title='bbox 1148 3671 1231 3736; x_wconf 91' lang='lat' dir='ltr'><strong>ob-1</strong></span> 
     </span>
     <span class='ocr_line' id='line_1_32' title="bbox 159 3774 1233 3865; baseline -0.006 -20"><span class='ocrx_word' id='word_1_233' title='bbox 159 3780 319 3865; x_wconf 88' lang='lat' dir='ltr'><strong>torpuisse</strong></span> <span class='ocrx_word' id='word_1_234' title='bbox 341 3780 446 3845; x_wconf 88' lang='lat' dir='ltr'><strong>subito</strong></span> <span class='ocrx_word' id='word_1_235' title='bbox 468 3779 581 3844; x_wconf 80' lang='lat' dir='ltr'><strong>metu?</strong></span> <span class='ocrx_word' id='word_1_236' title='bbox 617 3774 677 3864; x_wconf 82' lang='lat' dir='ltr'><strong>[Et]</strong></span> <span class='ocrx_word' id='word_1_237' title='bbox 703 3798 774 3842; x_wconf 90' lang='lat' dir='ltr'><strong>cum</strong></span> <span class='ocrx_word' id='word_1_238' title='bbox 798 3777 840 3841; x_wconf 89' lang='lat' dir='ltr'><strong>ad</strong></span> <span class='ocrx_word' id='word_1_239' title='bbox 863 3775 1054 3862; x_wconf 89' lang='lat' dir='ltr'><strong>supplicium</strong></span> <span class='ocrx_word' id='word_1_240' title='bbox 1077 3775 1199 3840; x_wconf 85' lang='lat' dir='ltr'><strong>videret</strong></span> <span class='ocrx_word' id='word_1_241' title='bbox 1218 3790 1233 3839; x_wconf 85' lang='lat'><strong>2</strong></span> 
     </span>
     <span class='ocr_line' id='line_1_33' title="bbox 159 3881 1233 3967; baseline -0.005 -18"><span class='ocrx_word' id='word_1_242' title='bbox 159 3884 245 3950; x_wconf 91' lang='lat' dir='ltr'><strong>trahi</strong></span> <span class='ocrx_word' id='word_1_243' title='bbox 266 3883 367 3949; x_wconf 90' lang='lat' dir='ltr'><strong>nihilo</strong></span> <span class='ocrx_word' id='word_1_244' title='bbox 391 3903 486 3948; x_wconf 89' lang='lat' dir='ltr'><strong>ausos</strong></span> <span class='ocrx_word' id='word_1_245' title='bbox 508 3883 656 3967; x_wconf 82' lang='lat' dir='ltr'><strong>graviora</strong></span> <span class='ocrx_word' id='word_1_246' title='bbox 678 3902 774 3964; x_wconf 89' lang='lat' dir='ltr'><strong>quam</strong></span> <span class='ocrx_word' id='word_1_247' title='bbox 798 3888 929 3959; x_wconf 89' lang='lat' dir='ltr'><strong>ceteros,</strong></span> <span class='ocrx_word' id='word_1_248' title='bbox 962 3881 1029 3945; x_wconf 86' lang='lat' dir='ltr'><strong>sive</strong></span> <span class='ocrx_word' id='word_1_249' title='bbox 1052 3881 1198 3964; x_wconf 85' lang='lat' dir='ltr'><strong>nominis,</strong></span> <span class='ocrx_word' id='word_1_250' title='bbox 1218 3895 1233 3944; x_wconf 87' lang='lat'>3</span> 
     </span>
    </p>
   </div>
   <div class='ocr_carea' id='block_1_7' title="bbox 214 4007 1095 4074">
    <p class='ocr_par' dir='ltr' id='par_1_8' title="bbox 214 4007 1095 4074">
     <span class='ocr_line' id='line_1_34' title="bbox 214 4007 1095 4074; baseline -0.002 -9"><span class='ocrx_word' id='word_1_251' title='bbox 214 4020 313 4065; x_wconf 84' lang='lat' dir='ltr'><strong>Curtius</strong></span> <span class='ocrx_word' id='word_1_252' title='bbox 326 4021 403 4064; x_wconf 85' lang='lat' dir='ltr'><strong>Rufus</strong></span> <span class='ocrx_word' id='word_1_253' title='bbox 416 4031 465 4064; x_wconf 87' lang='lat' dir='ltr'><strong>von</strong></span> <span class='ocrx_word' id='word_1_254' title='bbox 480 4021 603 4074; x_wconf 81' lang='lat' dir='ltr'><strong>Stangl.</strong></span> <span class='ocrx_word' id='word_1_255' title='bbox 1063 4007 1095 4057; x_wconf 78' lang='lat'><strong>19</strong></span> 
     </span>
    </p>
   </div>
   <div class='ocr_carea' id='block_1_8' title="bbox 0 0 1491 4322">
    <p class='ocr_par' dir='ltr' id='par_1_9' title="bbox 0 0 1491 4322">
     <span class='ocr_line' id='line_1_35' title="bbox 0 0 1491 4322; baseline 0 0"><span class='ocrx_word' id='word_1_256' title='bbox 0 0 1491 4322; x_wconf 95' lang='lat' dir='ltr'><strong> </strong></span> 
     </span>
    </p>
   </div>
  </div>
 </body>
</html>
