3028 4322
281 238 321 300 28
672 241 702 305 Q.
722 239 830 293 CURTI
848 239 934 293 RUFI

229 455 259 504 21
281 443 359 524 tulit,
384 443 425 508 ad
449 444 593 509 ultimum
616 443 870 527 magnitudinem
900 444 969 508 eius
996 463 1059 508 non
1082 442 1176 527 cepit.
1223 444 1315 507 Tunc

279 547 408 631 quidem
442 547 487 614 ita
521 568 556 614 11
590 549 699 632 gessit,
736 555 771 614 ut
804 567 913 614 omncs
947 554 1022 613 ante
1056 567 1128 612 eum
1157 566 1252 629 reges
1283 553 1315 612 et

278 653 472 719 continentia
498 660 530 718 et
560 654 729 720 clementia
751 653 966 720 vincerentur.
1011 652 1161 736 Virgines
1184 651 1315 737 reginas

277 757 463 823 excellentis
491 757 615 824 formae
644 765 710 824 tam
740 765 847 823 sancte
877 756 989 822 habuit
1019 777 1115 840 qnam
1144 757 1172 822 si
1203 755 1315 822 eodem

225 871 258 922 22
277 876 340 943 quo
370 861 438 947 ipse
469 869 601 947 parente
635 862 765 945 genitae
799 860 920 926 forent:
956 861 1125 943 coniugem
1158 859 1312 940 eiusdem,

277 986 371 1049 quam
405 967 493 1031 nulla
526 967 640 1032 aetatis
675 986 753 1032 suae
786 965 1024 1052 pulchritudine
1058 965 1198 1049 corporis
1227 963 1314 1043 vicit,

277 1070 357 1135 adeo
380 1071 450 1155 ipse
473 1092 536 1135 non
562 1071 704 1150 violavit,
735 1080 770 1136 ut
800 1091 954 1136 summam
984 1067 1167 1135 adhibuerit
1196 1089 1313 1148 curam,

207 1174 317 1240 Ι23111
342 1176 415 1258 quis
436 1176 564 1260 captivo
587 1175 712 1261 corpori
735 1175 900 1240 illuderet:
934 1196 1059 1240 omnem
1082 1174 1201 1240 cultum
1222 1172 1315 1238 reddi

277 1281 403 1346 feminis
440 1280 543 1363 iussit,
580 1302 640 1346 nee
677 1282 848 1365 quicquam
886 1302 925 1346 111
969 1280 1123 1366 pristinae
1167 1278 1314 1344 fortunae

226 1393 259 1442 24
277 1386 517 1468 magnificentia
547 1385 683 1472 captivis
713 1393 841 1470 praeter
870 1383 1019 1450 fiduciam
1036 1383 1154 1474 defuit.
1201 1385 1314 1466 Itaque

279 1489 479 1575 Sisigambis,
499 1493 607 1572 ‘Rex’,
631 1491 742 1574 inquit,
764 1490 920 1569 ‘mereris
942 1498 978 1554 ut
1002 1510 1040 1554 ea
1062 1508 1232 1574 precemur
1245 1489 1314 1573 tibi,

277 1615 359 1678 quae
391 1595 498 1661 Dareo
533 1603 642 1661 nostro
676 1593 836 1678 quondam
869 1601 1020 1680 precatae
1053 1613 1170 1669 sumus,
1203 1601 1243 1674 et,
1279 1598 1314 1656 ut

275 1699 378 1781 video,
410 1701 472 1772 ride
495 1697 612 1784 dignus
636 1719 680 1782 es,
716 1698 771 1782 qui
793 1705 917 1763 tantum
939 1719 1050 1782 regem
1072 1718 1136 1762 non
1160 1697 1313 1763 felicitate

225 1811 258 1860 25
276 1805 388 1885 solum,
424 1804 483 1870 111
518 1804 615 1870 etiam
648 1804 812 1887 acquitate
842 1802 1054 1888 superaveris.
1101 1803 1151 1868 Tu
1185 1800 1313 1884 quidem

276 1915 410 1972 matrem
432 1928 482 1972 me
505 1915 537 1972 11
551 1908 696 1990 reginam
711 1927 817 1988 vocas,
842 1906 903 1988 sed
919 1926 980 1990 ego
995 1928 1046 1972 me
1062 1912 1149 1971 tuam
1163 1905 1313 1970 famulam

277 2032 348 2078 esse
371 2011 532 2078 confiteor.
578 2013 619 2078 Et
642 2012 835 2097 praeteritae
858 2010 1004 2076 fortunae
1033 2009 1199 2094 fastigium
1221 2008 1313 2092 capio

278 2124 309 2182 11
331 2118 507 2202 praesentis
530 2117 642 2200 iugum
664 2116 731 2202 pati
754 2135 900 2200 possum:
924 2123 980 2181 tua
993 2115 1137 2194 interest,
1163 2119 1313 2196 quantum

276 2221 309 2285 in
333 2242 391 2287 nos
413 2221 549 2302 licuerit,
572 2221 600 2286 si
623 2220 655 2285 id
678 2221 783 2306 potius
806 2220 974 2286 clementia
996 2239 1093 2303 quam
1115 2219 1250 2284 saevitia
1264 2217 1313 2282 vis

225 2330 258 2380 26
277 2346 349 2392 1111
371 2329 543 2392 testatum?
588 2326 657 2390 Rex
679 2326 799 2390 bonum
820 2325 960 2390 animum
991 2323 1109 2389 habere
1133 2341 1188 2388 eas
1211 2322 1312 2388 1111111.

275 2431 375 2498 Darei
397 2432 496 2497 filium
512 2431 593 2496 collo
609 2450 666 2496 suo
682 2429 833 2511 admovit,
864 2437 961 2513 atque
976 2428 1056 2494 nihil
1070 2427 1124 2493 ille
1141 2433 1313 2512 conspectu

274 2541 351 2602 tunc
373 2537 509 2620 primum
531 2558 551 2602 a
574 2556 610 2602 se
624 2535 685 2602 visi
702 2534 892 2600 conterritus
908 2535 1066 2599 cervicem
1082 2533 1150 2598 eius
1164 2531 1313 2597 manibus

274 2641 484 2724 amplectitur.
546 2641 650 2706 Motus
689 2660 766 2723 ergo
793 2660 852 2705 rex
897 2639 1075 2704 constantia
1111 2636 1212 2722 pueri,
1250 2636 1313 2700 He-

274 2743 497 2829 phaestionem
530 2745 669 2823 intuens,
699 2743 818 2820 ‘Quam
851 2744 993 2824 vellem’,
1030 2741 1142 2824 inquit,
1172 2741 1311 2804 ‘Dareus

274 2847 396 2931 aliquid
434 2870 475 2914 111
511 2847 572 2913 hae
610 2847 718 2914 indole
755 2847 945 2913 hausissett’
991 2846 1073 2910 Tum
1105 2843 1310 2912 tabernaculo

273 2971 434 3034 egressus.

223 3068 256 3118 27
378 3057 494 3122 Tribus
518 3056 582 3121 aris
604 3055 638 3119 in
661 3055 732 3140 ripa
754 3055 861 3119 Pinari
891 3054 992 3119 amnis
1021 3053 1091 3118 Iovi
1113 3059 1209 3136 atque
1232 3051 1310 3115 Her·
1319 3045 1363 3118 33

273 3162 336 3226 culi
360 3161 586 3246 Minervaeque
609 3161 742 3226 11111111
766 3157 894 3243 Syriam
916 3159 1007 3242 petit,
1031 3158 1236 3235 Damascum,
1257 3155 1311 3221 ubi

272 3265 358 3350 regis
381 3286 464 3350 gaza
487 3273 562 3346 erat,
587 3265 799 3330 Parmenione
822 3263 1008 3349 praemisse.

714 3455 778 3510 Gar.
797 3455 872 3508 XllI.

238 3591 251 3641 1
375 3580 480 3663 Atque
504 3580 568 3670 ³illc
603 3598 674 3644 eum
711 3577 920 3662 processisset
954 3583 985 3642 et
1018 3575 1118 3640 Darei
1152 3580 1310 3658 satrapam

273 3685 414 3771 opperiri
447 3707 476 3749 se
515 3683 731 3768 comperisset,
770 3683 900 3764 veritus,
939 3702 979 3746 ne
1003 3680 1147 3765 paucitas
1182 3698 1310 3744 suorum

239 3797 484 3875 aspernaretur,
520 3808 685 3854 accersere
718 3787 871 3852 maiorem
904 3807 1034 3851 manum
1068 3784 1186 3850 statuit.
1244 3781 1310 3849 Sed

274 3897 356 3961 forte
379 3896 411 3959 in
435 3895 652 3980 exploratores
681 3893 722 3957 ab
754 3911 792 3958 eo
822 3891 1014 3977 praemissos
1044 3889 1157 3954 incidit
1180 3887 1309 3952 natione
