3040 4318
272 236 313 300 58
661 237 691 301 Q.
710 235 818 288 CUR'l'l
837 236 923 289 RUFI

273 441 471 527 Apollonius,
511 441 723 523 vectigalibus
761 441 904 508 eiusdem
942 441 1072 507 Africae
1105 440 1312 526 Aegyptique

274 547 471 612 Cleomenes,
517 546 566 609 Ex
596 546 737 611 finitimis
768 546 898 612 urbibus
932 546 1144 629 commigrare
1173 545 1313 610 Alexan-

274 652 385 716 dream
408 650 512 732 iussis,
525 671 641 716 novam
663 652 774 716 urbem
794 671 912 734 magna
934 650 1135 716 multitudine
1159 649 1311 734 implevit.

239 755 373 819 clama
404 761 460 836 est,
496 775 567 819 cum
597 775 655 819 rex
685 747 794 820 orbem
828 753 943 820 futuris
977 755 1075 819 muris
1105 753 1243 838 polenta,
1279 761 1314 818 ut

275 858 483 924 Macedonum
499 878 568 924 mos
585 865 641 939 est,
666 857 865 939 destinasset,
890 857 997 922 avium
1012 877 1131 941 greges
1146 856 1314 922 advolasse

276 971 306 1028 et
333 963 463 1047 polenta
493 982 565 1028 csse
595 969 719 1046 pastas:
751 982 886 1044 cumque
916 962 950 1026 id
980 981 1075 1026 omen
1104 981 1162 1045 pro
1190 959 1315 1026 tristia

276 1067 436 1152 plerisque
467 1074 554 1132 esset
583 1075 758 1151 acceptum,
794 1067 999 1150 respondisse
1029 1074 1128 1147 vates,
1164 1086 1314 1148 magnam

276 1173 363 1236 illam
386 1172 498 1236 urbem
521 1169 717 1236 advenarum
733 1161 944 1254 frequentiam
960 1172 1124 1252 culturam,
1145 1169 1314 1251 multisque

277 1297 348 1342 cam
370 1276 463 1341 terris
486 1275 639 1340 alimenta
661 1276 887 1360 praebituram.

243 1399 259 1449 7
383 1381 514 1463 Regem,
546 1400 618 1445 cunr
641 1379 782 1445 secundo
812 1381 899 1445 amni
922 1380 1084 1461 deflueret,
1112 1379 1241 1462 assequi
1264 1373 1368 1444 (τη-34

277 1486 371 1572 piens
401 1485 530 1565 Hector,
562 1484 780 1549 Parmenionis
811 1484 904 1565 filius,
937 1485 1055 1550 eximio
1085 1484 1198 1550 aetatis
1228 1481 1314 1560 flore,

278 1591 311 1655 in
330 1590 442 1675 paucis
457 1587 640 1654 Alexandro
664 1609 764 1669 carus,
790 1609 923 1673 parvum
939 1589 1103 1672 navigium
1123 1586 1316 1667 conscendit,

245 1694 424 1779 &pluribus
447 1713 543 1775 quam
574 1712 688 1776 capere
719 1700 828 1776 posset
859 1693 1023 1777 impositis.
1070 1694 1181 1775 ltaque
1211 1711 1318 1756 mersa

280 1799 371 1864 navis
394 1817 506 1862 omnes
534 1797 684 1862 destituit.
731 1797 859 1877 Hector,
892 1796 946 1861 diu
975 1795 1098 1861 flumini
1127 1796 1316 1874 obluctatus,

281 1923 352 1967 cum
386 1900 520 1966 madens
554 1901 653 1967 vestis
688 1909 719 1966 et
752 1901 873 1966 astricti
904 1900 1042 1985 crepidis
1076 1901 1175 1985 pedes
1208 1907 1318 1964 natare

280 2006 493 2090 prohiberent,
527 2005 560 2069 in
582 2004 687 2089 ripam
716 2012 824 2068 tamen
856 2004 1051 2070 semianimis
1082 2004 1183 2069 evasit
1213 2010 1252 2084 et,
1284 2009 1319 2066 ut

282 2109 418 2194 primum
441 2106 595 2191 fatigatus
619 2107 765 2192 spiritum
787 2107 914 2188 laxavit,
940 2128 1035 2190 quem
1058 2115 1161 2173 metus
1185 2114 1215 2172 et
1238 2105 1319 2191 peri·

282 2212 387 2277 culum
403 2211 590 2292 intenderat,
614 2212 701 2275 nullo
717 2210 887 2276 adiuvante
911 2248 951 2258 -
975 2211 1094 2296 quippe
1109 2211 1142 2275 in
1158 2211 1319 2276 diversum

248 2336 263 2386 9
282 2323 451 2382 evaserant
474 2315 528 2380 alii
553 2353 594 2363 -
618 2315 817 2381 exanimatus
840 2323 896 2380 est.
942 2315 1061 2380 Amissi
1077 2315 1145 2382 eius
1161 2314 1320 2381 desiderio

282 2419 488 2484 vehementer
510 2417 651 2484 afflictus
675 2427 724 2484 est
757 2427 981 2504 repertumque
1010 2439 1126 2504 corpus
1149 2417 1320 2502 magnifico

283 2523 396 2588 extulit
419 2523 539 2588 funere.

389 2626 540 2690 Oneravit
562 2625 645 2691 huno
669 2626 810 2690 dolorem
825 2626 953 2692 nuntius
968 2627 1078 2692 mortis
1093 2625 1318 2707 Andromachi,

285 2752 379 2813 quern
402 2731 601 2814 praefecerat
617 2730 747 2814 Syriae:
771 2731 879 2795 vivum
896 2729 1072 2795 Samaritae
1092 2737 1319 2795 cremaverant.

235 2839 267 2887 10
286 2834 338 2898 Ad
361 2835 451 2899 cuius
479 2835 640 2899 interitum
663 2834 897 2914 vindicandum,
931 2842 1049 2916 quanta
1079 2834 1217 2899 maxime
1241 2833 1322 2898 cele·

284 2938 375 3003 ritate
399 2938 508 3022 potuit,
543 2938 715 3018 contendit,
746 2937 992 3020 advenientique
1016 2946 1088 3002 sunt
1112 2937 1218 3002 traditi
1241 2937 1320 3002 tanti

234 3048 263 3096 11
284 3041 414 3106 sceleris
437 3048 594 3105 auctores.
629 3041 852 3106 Andromacho
876 3039 992 3106 deinde
1009 3041 1145 3106 Menona
1160 3040 1321 3106 substituti

285 3144 472 3226 affectisque
495 3144 661 3229 supplicio,
686 3144 740 3226 qui
762 3152 941 3229 praetorem
964 3145 1198 3225 interemerant,
1215 3152 1323 3228 tyran-

285 3268 343 3313 nos
373 3286 416 3294 —
449 3248 594 3330 interque
629 3271 677 3312 cos
711 3248 1009 3332 Methymnaeorum
1043 3248 1257 3314 Aristonicum
1292 3255 1323 3312 et

286 3351 498 3435 Olrrysolaum
520 3352 794 3436 —popularibus
824 3352 890 3416 suis
920 3351 1068 3417 tradidit:
1100 3371 1178 3435 quos
1205 3351 1251 3416 illi
1282 3352 1322 3416 ob

285 3455 416 3520 iniurias
441 3463 539 3521 tortos
561 3463 763 3521 necaverunt.

236 3585 267 3633 12
390 3560 633 3626 Atheniensium
664 3560 790 3642 deinde,
822 3560 1018 3626 Rhodiorum
1045 3569 1077 3626 et
1106 3559 1257 3625 Chiorum
1282 3559 1324 3624 le-

287 3671 380 3748 gatos
413 3665 511 3729 audit.
557 3664 770 3730 Athenienses
800 3665 966 3730 victoriam
1007 3665 1248 3748 gratulabantur
1280 3671 1321 3744 et,

287 3777 322 3834 ut
366 3770 484 3853 captivi
528 3770 723 3835 Graecorum
768 3770 834 3835 suis
879 3770 1126 3851 restituerentur,
1173 3771 1321 3834 orabant:

236 3887 270 3936 13
288 3872 405 3936 Rhodii
428 3880 459 3936 et
475 3872 546 3937 Olrii
565 3873 605 3937 de
628 3873 788 3957 praesidio
812 3875 1031 3956 querebantur.
1068 3873 1198 3956 Omnes,
1221 3893 1324 3956 aequa
