2970 4322
368 193 619 248 HISTORIARUM
637 191 851 244 Anrtxnunal
870 189 893 240 X
913 194 936 241 4.
955 192 979 240 5.
1130 188 1191 254 297

159 405 196 466 ia
211 403 341 487 fluctus.
390 399 473 466 Cum
496 400 611 464 deiude
634 399 706 463 alia
729 421 824 484 super
854 398 925 461 alia
949 397 1140 483 modiqiosa
1171 407 1199 460 et
1229 441 1231 448 -

159 508 309 571 minacia
343 507 583 585 nuntiarentur,
610 503 832 588 procurandis
865 503 910 565 eis
944 500 1068 564 Graeco
1101 501 1201 564 simul

159 613 360 696 barbaroque
393 611 462 673 ritu
496 609 648 672 coutiuua
686 629 783 670 sacra
813 605 916 691 facta
950 616 1032 669 suat.
1093 607 1201 691 Neque

159 727 269 780 tamea
291 715 422 799 cupiam
445 723 678 798 praeterquam
705 722 803 775 morte
833 711 917 796 reyis
940 721 1081 795 potuere.
1135 709 1202 784 Qut

160 843 234 883 cum
274 819 462 882 Nearchum
501 818 669 901 accepisset
706 816 850 880 conuiuio
887 817 1020 900 iamque
1058 816 1202 879 cubitum

159 925 267 986 itmus
289 932 373 1003 esset,
398 922 503 985 Medii
525 920 696 984 Larissaei
718 921 847 984 obaiais
869 921 1023 1004 precibus
1045 920 1144 1001 dedit,
1167 929 1203 982 ut

160 1028 207 1092 ad
237 1050 310 1091 eum
343 1027 534 1090 comisatum
556 1025 685 1089 neuiret.
737 1023 800 1088 Ubi
815 1035 989 1109 postquam
1020 1033 1085 1087 tota
1115 1033 1203 1088 nocte

156 1132 348 1218 perpotavit,
387 1131 473 1194 male
510 1130 625 1194 babere
659 1130 768 1214 coepit.
825 1129 1052 1214 Iaoraueseeas
1089 1128 1204 1192 deiude

160 1237 290 1300 morbus
312 1236 392 1299 adeo
415 1257 521 1298 omues
542 1235 626 1298 vires
652 1235 741 1298 iutra
768 1244 895 1298 seratum
925 1234 1012 1296 diem
1042 1233 1203 1313 eubausit,

159 1351 197 1404 ut
218 1363 257 1404 ue
279 1339 364 1404 uocis
386 1340 515 1425 quidem
532 1349 672 1425 potestas
695 1349 778 1403 esset.
814 1340 941 1402 Iuterea
965 1337 1093 1417 milites,
1117 1336 1202 1399 soili-

161 1445 305 1509 citudiue
328 1444 546 1529 desiderioque
576 1444 644 1508 eius
674 1444 781 1524 audii,
814 1465 1017 1528 quamquam
1047 1442 1202 1504 obtestare·

165 1551 238 1613 ibus
260 1548 408 1630 ducibus,
438 1570 477 1612 ae
499 1548 717 1612 ualitudinem
747 1548 832 1632 reqis
862 1556 1041 1628 onerarent,
1073 1567 1195 1630 capres-

172 1663 276 1735 eruut‚
299 1662 335 1716 ut
357 1653 393 1716 iu
416 1662 616 1737 conspectum
640 1652 708 1715 eius
733 1651 989 1715 admitterentur.

628 1844 694 1897 Cer.
713 1844 745 1896 V.

111 1972 152 2042 14
269 1964 469 2029 Intuentibus
501 1963 652 2029 lacrimae
687 1963 817 2028 obortae
848 1961 1030 2047 *praebuere
1065 1962 1240 2046 speciem1

113 2147 115 2154 y
165 2070 229 2134 iam
244 2089 308 2133 non
323 2089 443 2153 regem,
459 2069 518 2135 sed
533 2069 628 2134 funus
645 2068 713 2133 eius
729 2067 863 2133 visentis
879 2065 1047 2130 exercitus.
1082 2066 1207 2132 Maeror
1227 2089 1243 2138 2

166 2180 273 2239 tamen
308 2173 578 2239 circumstantium
613 2173 731 2239 lectum
766 2172 943 2238 eminebat:
975 2191 1055 2254 quos
1086 2178 1121 2235 ut
1152 2192 1211 2236 rex

165 2277 302 2363 aspexit,
335 2277 541 2360 ‘Invenietis’
582 2279 692 2362 inquit,
725 2281 811 2343 ‘oum
853 2296 1031 2358 excessere,
1076 2276 1210 2359 dignum

164 2382 282 2448 talibus
311 2382 388 2448 viris
418 2383 562 2466 regeml’
615 2382 806 2448 Incredibile
837 2380 924 2445 dictu
958 2380 1142 2465 audituque,
1177 2380 1244 2451 ine

167 2486 281 2552 eodem
305 2486 416 2552 habitu
444 2488 592 2573 eorporis,
616 2488 649 2552 in
679 2507 775 2571 quem
805 2507 839 2552 se
871 2493 1106 2572 composuerat,
1139 2506 1211 2551 cum

170 2591 368 2658 admissurus
388 2592 504 2657 milites
528 2600 620 2674 esset,
646 2592 791 2674 durasse,
816 2591 917 2656 donec
940 2613 960 2655 a
982 2598 1048 2655 toto
1073 2590 1212 2655 exercitu

167 2695 250 2760 illud
271 2695 415 2760 ultimum
439 2698 656 2780 persalutatus
679 2704 745 2761 est:
770 2696 964 2778 dimissoque
991 2697 1097 2778 vulgo,
1125 2696 1214 2760 velut

169 2801 252 2867 omni
285 2800 372 2865 vitae
406 2799 513 2866 debito
547 2801 709 2882 liberatus
733 2801 868 2883 fatigata
906 2800 1049 2864 membra
1085 2799 1209 2866 reiecit.

169 2904 367 2990 Propinsque
390 2904 478 2969 adire
501 2905 595 2970 iussis
616 2905 730 2984 amicis
754 2943 793 2950 -
818 2924 895 2969 nam
919 2911 950 2970 et
980 2924 1042 2969 vox
1073 2903 1247 2968 deficeres

169 3010 233 3074 iam
265 3016 416 3093 coeperat
454 3047 490 3054 —
527 3009 707 3074 detractum
740 3010 871 3074 anulum
907 3008 1007 3089 digito
1042 3006 1214 3072 Perdiccae

170 3112 309 3193 tradidit,
322 3112 456 3178 adiectis
473 3113 642 3195 mandatis,
661 3121 696 3178 ut
712 3134 828 3199 corpus
844 3134 935 3178 suum
951 3112 993 3176 ad
1006 3113 1215 3177 Hammonem

171 3218 245 3282 ferri
261 3217 416 3283 iuberent.
455 3217 754 3300 Quaerentibusque
770 3217 829 3299 his,
856 3217 906 3282 eui
929 3217 1124 3300 relinqueret
1146 3237 1215 3299 reg·
1234 3232 1250 3281 5

171 3341 257 3403 num,
287 3320 471 3407 respondit:
495 3323 533 3402 ei,
559 3323 611 3404 qui
637 3330 722 3387 esset
746 3322 895 3406 optimus.
935 3322 1084 3386 Ceterum
1114 3320 1217 3404 provi-

173 3425 250 3492 dere
277 3426 342 3490 iam
373 3445 417 3507 se,
450 3427 489 3492 ob
520 3425 553 3491 id
585 3433 745 3492 certamen
776 3447 911 3509 magnos
943 3411 1093 3490 funebres
1124 3424 1217 3490 ludos

173 3530 281 3618 parari
304 3530 371 3596 sibi.
419 3531 539 3594 Rursus
563 3529 716 3596 Perdicca
740 3530 970 3613 interrogante,
998 3527 1126 3612 quando
1149 3542 1252 3594 cae-6

174 3636 273 3701 lestes
295 3634 434 3699 honores
456 3633 568 3699 haberi
591 3634 653 3699 sibi
676 3635 785 3713 vellet,
808 3631 905 3698 dixit:
934 3642 1002 3698 tum
1025 3633 1117 3713 velle,
1143 3654 1216 3698 cum

177 3739 239 3824 ipsi
270 3737 380 3804 felices
411 3744 524 3803 essent.
579 3738 736 3823 Suprema
765 3738 846 3803 baec
874 3759 937 3803 vox
968 3737 1027 3802 fuit
1057 3737 1153 3819 regis,
1185 3745 1216 3802 et

177 3843 273 3933 paulo
296 3850 368 3931 post
390 3841 596 3930 extinguitur.
