3040 4318
420 215 670 270 HISTORIARUM
690 214 903 268 AnnanoRI
921 215 959 268 Vl
979 218 1002 268 1.
1167 213 1229 278 l2l

192 427 298 486 catum
334 427 393 486 est.
448 421 536 486 Inter
572 441 683 488 omnes
720 427 828 487 tamen
865 414 1134 488 Lacedaemonios
1171 417 1237 486 reu¹
1265 435 1281 484 3

192 525 360 606 eminebat,
391 545 455 589 non
485 545 642 592 armorum
672 525 767 590 modo
798 532 830 591 et
857 525 1000 612 corporis
1023 525 1140 609 specie,
1172 524 1230 590 sed

192 629 287 694 etiam
319 629 540 712 magnitudine
574 629 681 711 animi,
718 649 780 712 quo
809 650 873 696 uno
902 629 988 694 vinci
1022 649 1086 694 non
1116 629 1229 714 potuit.

192 733 339 816 Undique
355 754 439 798 nunc
455 734 639 815 comminus,
663 755 747 798 nunc
763 733 885 800 eminus
908 734 1090 819 petebatur:
1112 733 1229 816 diuque
1265 747 1281 795 4

192 859 280 902 arma
302 837 529 904 circumferens
553 838 616 903 alia
645 839 710 904 tela
741 838 844 923 clipeo
874 839 1065 924 excipiebat,
1098 859 1229 922 corpore

192 942 258 1007 alia
278 943 411 1023 vitabat,
441 942 545 1008 donec
567 944 662 1008 hasta
684 943 805 1008 femina
830 944 977 1028 perfossa
1000 943 1135 1028 plurimo
1159 962 1229 1007 san-

193 1047 289 1130 guine
320 1046 421 1112 effuso
451 1048 624 1112 destituere
658 1055 864 1131 pugnantem.
910 1049 997 1131 Ergo
1032 1045 1136 1132 clipeo
1172 1066 1229 1111 suo
1266 1060 1281 1108 5

193 1158 361 1235 exceptum
383 1151 533 1234 armigeri
564 1151 681 1235 raptim
712 1151 745 1216 in
775 1159 881 1218 castra
910 1152 1101 1232 referebant,
1135 1151 1231 1215 iacta-

192 1255 311 1320 tionem
340 1255 505 1320 vulnerum
535 1255 622 1320 haud
651 1255 747 1320 facile
777 1256 973 1320 tolerantem.
1021 1256 1094 1320 Non
1123 1263 1231 1319 tamen
1266 1268 1282 1316 6

193 1359 328 1424 omisere
343 1359 589 1424 Lacedaemonii
609 1380 751 1445 pugnam
774 1367 813 1441 et,
837 1367 872 1426 ut
894 1360 1030 1445 primum
1053 1359 1113 1424 sibi
1136 1380 1230 1441 quam

193 1453 278 1528 hosti
307 1464 490 1546 aequiorem
520 1464 624 1528 locum
655 1485 770 1548 capere
801 1471 979 1548 potuerunt,
1013 1460 1155 1528 densatis
1185 1483 1230 1525 cr·

193 1567 320 1634 dinibus
353 1568 453 1633 effuse
487 1565 636 1632 fluentem
670 1569 702 1633 in
736 1589 771 1633 se
805 1568 907 1634 aciem
941 1589 1106 1651 excepere.
1157 1567 1229 1631 Non
1266 1582 1281 1629 7

193 1673 281 1736 aliud
302 1668 472 1736 discrimen
496 1673 716 1737 vehementius
746 1670 846 1737 fuisse
876 1672 1048 1738 memoriae
1071 1672 1230 1758 proditum

193 1784 251 1840 est.
299 1777 441 1841 Duarum
475 1776 742 1841 nobilissimarum
776 1777 861 1842 bello
895 1777 1038 1860 gentium
1072 1776 1231 1841 exercitus

193 1881 262 1964 pari
285 1871 385 1944 Marte
400 1881 596 1964 pugnabant.
630 1881 877 1946 Lacedaemonii
892 1887 1010 1961 vetera,
1037 1879 1230 1945 Macedones
1266 1893 1283 1943 8

194 1984 375 2068 praesentia
398 1984 516 2050 decora
537 1985 754 2050 intuebantur:
783 1986 831 2050 illi
854 2007 911 2070 pro
934 1985 1091 2065 libertate,
1117 1985 1149 2048 bi
1173 2005 1231 2069 pro

194 2087 408 2154 dominatione
439 2090 642 2173 pugnabant:
677 2089 939 2156 Lacedaemoniis
974 2089 1048 2170 dux,
1085 2087 1231 2153 Macedo-

193 2192 287 2258 nibus
316 2193 406 2258 locus
436 2193 555 2258 deerat.
601 2194 675 2258 Diei
698 2213 822 2277 quoque
852 2193 945 2258 unius
974 2200 1040 2258 tam
1062 2191 1231 2276 multiplex
1267 2206 1283 2254 o

194 2316 288 2362 casus
310 2297 406 2362 modo
422 2317 520 2382 spem,
544 2298 639 2362 modo
654 2305 772 2364 metum
789 2299 950 2382 utriusque
966 2297 1066 2383 partis
1081 2296 1229 2380 augebat,

193 2401 280 2466 velut
317 2402 357 2467 de
395 2402 551 2467 industria
587 2403 670 2468 inter
707 2403 896 2468 fortissimos
941 2403 1026 2468 viros
1071 2407 1231 2467 certamen

193 2513 350 2588 aequante
387 2507 522 2571 fortuna.
586 2505 734 2571 Getarum
771 2506 939 2589 angustiae
978 2505 1048 2586 loci,
1094 2505 1127 2569 in
1169 2524 1231 2587 quo
1252 2517 1285 2566 10

193 2611 342 2676 haeserat
364 2632 482 2696 pugna,
514 2629 577 2675 non
607 2611 810 2696 patiebantur
839 2611 914 2676 totis
941 2609 1069 2693 ingredi
1091 2609 1229 2675 viribus:

193 2716 382 2799 spectabant
404 2735 481 2798 ergo
503 2716 613 2800 plures
643 2736 738 2798 quam
768 2715 906 2780 inierant
927 2715 1091 2800 proelium,
1123 2721 1155 2779 et
1178 2713 1232 2797 qui

194 2827 285 2884 extra
314 2819 369 2884 teli
399 2819 517 2884 iactum
550 2827 647 2901 erant,
684 2820 821 2885 clamore
854 2819 991 2885 invicem
1021 2838 1095 2884 suos
1121 2839 1230 2884 accen-

162 2921 325 2992 2debant.
369 2922 512 2988 Tandem
544 2923 705 2988 Laconum
735 2923 822 2988 acies
856 2923 1073 3005 languescere,
1109 2922 1232 2987 lubrica
1252 2942 1281 2990 11

192 3047 282 3091 arma
304 3026 419 3092 sudore
441 3027 497 3093 vix
520 3028 689 3109 sustinens,
717 3027 833 3111 pedem
852 3027 967 3093 deinde
982 3027 1100 3092 referre
1117 3027 1230 3112 coepit,

193 3139 227 3196 ut
249 3138 383 3214 urgente
413 3132 517 3218 hoste
536 3131 677 3217 apertius
705 3133 842 3215 fugeret.
889 3133 1120 3214 Insequebatur
1142 3129 1283 3199 dissi-12

192 3243 286 3320 patos
307 3234 409 3300 victor
431 3243 463 3301 et
485 3255 633 3302 emensus
650 3255 745 3301 cursu
760 3256 853 3301 omne
869 3236 1015 3320 spatium,
1040 3235 1231 3319 quod'acies

192 3339 356 3404 Laconum
386 3339 575 3421 obtinuerat,
611 3339 717 3425 ipsum
747 3339 834 3422 Agin
867 3341 1125 3424 persequebatur.
1171 3340 1231 3405 Ille
1252 3358 1283 3408 13

192 3450 228 3508 ut
250 3443 362 3526 fugam
385 3463 512 3509 suorum
535 3451 567 3510 et
582 3444 743 3528 proximos
759 3444 899 3510 hostium
915 3444 1090 3529 conspexit,
1115 3444 1232 3528 deponi

193 3566 228 3611 se
250 3546 359 3612 iussit:
383 3554 595 3632 expertusque
617 3550 768 3629 membra,
792 3571 834 3614 an
858 3547 1009 3632 impetum
1027 3547 1126 3612 animi
1142 3547 1232 3630 sequi

192 3656 333 3736 possent,
357 3657 527 3737 postquam
550 3651 686 3729 deficere
716 3652 826 3733 sensit,
857 3651 1030 3736 poplitibus
1057 3660 1157 3717 semet
1180 3669 1284 3718 err-14

194 3755 280 3840 cepit
303 3756 460 3840 galeaque
484 3763 611 3821 strenue
634 3763 762 3841 sumpta
792 3756 896 3841 clipeo
919 3764 1092 3841 protegens
1116 3776 1232 3841 corpus

193 3859 320 3936 hastam
350 3859 483 3926 dextera
505 3860 660 3942 vibrabat,
691 3861 774 3926 ultro
802 3880 921 3926 vocans
944 3861 1078 3942 hostem,
1110 3859 1231 3942 siquis
