3040 4318
428 195 679 252 HISTORIARUM
697 197 912 252 ALEXANDRI
930 199 967 252 lV
988 203 1027 253 13.
1206 205 1247 269 75

209 403 291 470 sium
323 410 356 470 31
378 403 519 470 Malieon
549 403 660 470 turmis
684 401 768 490 [sibi]
793 403 962 471 adiunctis.
1008 406 1076 473 Hos
1099 409 1247 475 Thessali

209 509 333 591 equites
357 508 548 574 claudebant
570 507 719 594 Philippo
742 507 834 573 duce.
879 508 1026 575 Peditum
1051 511 1138 577 acies
1161 514 1248 596 equi-

208 619 276 677 tatu
297 613 475 695 tegebatur.
522 613 621 677 Frons
644 611 728 677 laevi
752 631 867 677 cornus
889 611 970 678 baec
993 622 1069 680 erat.
1118 616 1184 682 Sed
1206 639 1246 684 ne
1265 625 1299 676 30

209 717 367 781 circumiri
389 724 498 802 posset
528 739 548 782 a
577 716 789 798 multitudine,
823 715 969 782 ultimum
1002 739 1118 803 agmen
1141 721 1247 787 valida

208 841 306 885 manu
329 820 485 886 cinxerat.
530 819 655 885 Cornua
685 840 812 902 quoque
843 820 993 886 subsidiis
1025 821 1162 889 firmavit
1184 844 1247 890 non

208 931 295 989 recta
318 924 431 1005 fronte,
463 923 522 989 sed
543 945 564 989 a
586 925 685 990 latere
712 923 834 1009 positis,
867 932 912 1006 ut,
943 925 971 990 si
993 925 1094 992 hostis
1117 927 1248 994 circum-

207 1029 317 1094 venire
346 1029 449 1094 aciem
483 1036 680 1114 temptasset,
716 1035 829 1113 parata
862 1049 990 1114 pugnae
1026 1029 1140 1096 forent.
1185 1032 1247 1097 Hio
1265 1041 1297 1092 31

208 1132 342 1216 Agriani
376 1139 474 1213 erant,
509 1129 624 1215 quibus
655 1131 782 1196 Attalus
817 1140 974 1216 praeerat,
1010 1132 1169 1200 adiunctis
1201 1155 1249 1200 sa-

209 1235 345 1319 gittariis
369 1235 574 1301 Cretensibus
593 1273 636 1282 —
658 1236 787 1300 ultimos
810 1236 939 1302 ordines
954 1237 1070 1302 avertit
1092 1260 1112 1302 a
1135 1238 1246 1322 fronte,

208 1349 243 1406 ut
280 1347 380 1406 totam
417 1341 519 1406 aciem
557 1341 633 1406 orbe
671 1341 808 1406 muniret
846 1379 887 1388 —
927 1342 1030 1426 Illyrii
1067 1342 1121 1408 hic
1148 1352 1247 1426 erant,

208 1447 357 1512 adiuncto
379 1447 479 1511 milite
495 1445 642 1511 mercede
658 1445 825 1526 conducto,
850 1445 994 1511 Thracas
1010 1465 1137 1529 quoque
1153 1449 1248 1514 simul

208 1551 369 1618 obiecerat
398 1551 511 1616 leviter
539 1557 687 1615 armatos.
740 1549 895 1633 Adeoque
925 1551 1028 1616 aciem
1057 1553 1247 1620 versabilem
1266 1569 1299 1620 32

208 1655 322 1741 posuit,
354 1662 396 1736 ut,
429 1654 482 1737 qui
513 1653 615 1719 ultimi
645 1654 781 1735 stabant,
812 1676 853 1720 ne
883 1654 1131 1737 circumirentur,
1167 1657 1248 1723 verti

208 1769 316 1825 tamen
350 1766 382 1825 et
411 1759 443 1823 in
476 1757 613 1823 frontem
647 1756 821 1841 circumagi
853 1766 996 1842 possent.
1041 1760 1154 1842 Itaque
1184 1780 1248 1826 non

210 1864 312 1948 prima
343 1882 438 1944 quam
467 1863 575 1944 latera,
610 1881 674 1926 non
703 1862 804 1926 latera
833 1862 1002 1928 munitiora
1032 1862 1122 1929 fuere
1153 1885 1248 1948 quam

159 1976 196 2047 51
209 1975 311 2051 terga
357 1967 416 2032 His
439 1967 485 2032 ita
507 1965 662 2032 ordinatis
684 1966 852 2052 praecipit,
875 1972 919 2051 ut,
942 1966 969 2031 si
985 1966 1121 2032 falcatos
1137 1988 1247 2034 currus
1266 1985 1300 2035 33

214 2095 286 2140 oum
310 2073 438 2140 fremitu
467 2073 595 2140 barbari
625 2072 811 2154 emitterent,
843 2072 906 2157 ipsi
936 2073 1052 2138 laxatis
1083 2073 1247 2140 ordinibus

209 2178 363 2263 impetum
385 2177 612 2242 incurrentium
643 2176 768 2242 silentio
788 2176 980 2260 exciperent,
1012 2176 1099 2242 haud
1122 2177 1247 2258 dubius,

210 2282 278 2346 sine
311 2302 397 2346 nona
430 2286 676 2361 transcursum,
712 2280 740 2345 si
773 2299 866 2344 nemo
900 2298 935 2346 se
970 2288 1164 2365 opponeret:
1199 2281 1249 2345 sin

209 2392 315 2450 autem
334 2385 402 2450 sine
419 2383 546 2449 fremitu
562 2383 774 2465 immisissent,
792 2401 847 2448 eos
863 2383 926 2468 ipsi
942 2383 1079 2449 clamore
1093 2391 1249 2449 terrerent

209 2489 407 2573 pavidosque
431 2509 530 2571 equos
560 2488 633 2553 telis
663 2489 820 2570 utrimque
844 2486 1049 2552 suffoderent.
1097 2488 1159 2565 Qui
1183 2508 1249 2552 cor·
1267 2506 1300 2556 34

209 2594 302 2659 nibus
325 2600 502 2678 praeerant,
539 2594 711 2658 extendere
735 2613 773 2658 ea
795 2593 881 2673 iussi,
913 2592 958 2656 ita
980 2598 1015 2656 ut
1037 2613 1096 2657 nec
1120 2592 1249 2658 circum-

209 2699 400 2779 venirentur,
433 2698 460 2763 si
482 2698 582 2763 artius
605 2706 732 2780 starent,
765 2719 825 2764 nec
854 2705 959 2763 tamen
982 2697 1125 2762 intimam
1147 2697 1248 2762 aciem

211 2801 417 2869 exinanirent.
468 2804 701 2890 Impedimenta
745 2825 817 2869 oum
855 2802 1000 2888 captivis,
1047 2803 1130 2867 inter
1167 2801 1247 2884 quos
1267 2819 1299 2867 35

209 2915 311 2973 mater
333 2907 490 2991 liberique
514 2908 611 2974 Darei
635 2907 902 2988 custodiebantur,
934 2906 1022 2972 baud
1045 2907 1155 2991 procul
1177 2905 1248 2971 acie

209 3011 242 3075 in
258 3011 343 3078 edito
360 3012 439 3078 oolle
456 3012 629 3093 constituit,
640 3013 766 3077 modico
779 3012 939 3097 praesidio
952 3011 1071 3076 relicto.
1107 3011 1247 3075 Laevum

210 3135 317 3196 cornu,
341 3115 425 3180 siout
447 3116 538 3197 alias,
563 3116 765 3182 Parmenioni
787 3115 941 3181 tuendum
965 3114 1083 3196 datum,
1121 3113 1247 3198 ipsein

210 3219 323 3284 dextro
348 3219 462 3284 stabat.

313 3323 463 3388 Nondum
496 3324 539 3389 ad
571 3324 689 3388 iactum
721 3323 778 3388 1311
811 3329 1030 3408 pervenerant,
1063 3342 1135 3387 oum
1166 3320 1247 3385 Bion
1267 3337 1299 3386 36

200 3427 340 3511 ,quidam
369 3428 544 3512 transfuga,
577 3435 693 3512 quanto
723 3427 863 3492 maximo
895 3445 988 3491 cursu
1019 3432 1173 3510 potuerat,
1206 3424 1248 3488 ad

209 3554 319 3616 regem
357 3535 503 3618 pervenit
540 3534 698 3614 nuntians,
738 3533 873 3598 murices
911 3532 1032 3596 ferreos
1066 3530 1099 3594 in
1132 3538 1247 3595 terram

211 3639 376 3706 defodisse
399 3641 552 3719 Dareum,
580 3659 644 3723 qua
667 3637 792 3703 hostem
816 3638 941 3720 equites
965 3637 1155 3701 emissurum
1178 3655 1249 3700 3333

211 3744 373 3827 credebat,
405 3751 614 3826 notatumque
637 3749 723 3808 certo
755 3743 847 3825 signo
870 3742 984 3823 looum,
1016 3747 1051 3805 ut
1073 3739 1162 3804 fraus
1186 3740 1249 3804 evi-

211 3853 269 3914 tari
301 3872 321 3915 a
354 3853 421 3916 suis
455 3857 572 3937 posset.
620 3849 791 3915 Asservari
824 3845 994 3929 transfuga
1027 3845 1114 3910 iusso
1149 3843 1248 3908 duoes
1268 3857 1300 3905 37
