3028 4322
296 231 337 296 26
681 231 710 297 Q.
732 229 839 284 CURTI
857 231 943 284 RUFI

294 436 479 522 permixtus,
504 437 669 519 epulantes
704 436 883 501 conterruit.
929 435 1051 500 (lohors
1082 456 1216 519 quoque,
1248 455 1332 518 quae

295 541 473 606 excubabat
506 540 549 605 ad
581 541 823 606 tabernaculum
857 541 951 624 regis,
986 540 1096 621 verita,
1131 561 1171 605 ne
1204 539 1332 606 maioris

262 653 401 710 lmotns
434 645 622 730 principium
658 651 750 726 esset,
786 666 910 710 armare
944 665 978 710 se
1013 651 1169 732 coeperat.
1228 643 1334 709 (lausa

297 749 392 815 subiti
425 750 551 833 pavoris
588 749 656 831 fuit,
679 739 781 832 ¹quod
815 756 917 814 mater
953 768 1095 833 uxorque
1129 745 1226 814 Darei
1262 769 1334 813 curn

298 854 431 939 captivis
444 854 603 920 nobilibus
615 875 734 938 regem,
749 875 843 938 quem
855 854 1056 920 interfectum
1070 869 1140 920 esse
1153 854 1333 934 credebant,

264 958 421 1041 eingenti
458 959 579 1042 gemitu
621 957 806 1041 eiulatuque
844 957 1012 1023 deflebant.
1073 958 1162 1023 Unus
1199 977 1336 1039 namque

298 1083 315 1127 e
339 1062 473 1147 captivis
497 1062 703 1147 spadonibus,
735 1063 789 1145 qui
820 1063 901 1127 forte
931 1070 1004 1127 ante
1027 1062 1169 1146 ipsarum
1190 1063 1333 1128 taberna·

299 1166 404 1230 culum
428 1173 568 1247 steterat,
592 1165 770 1246 amiculum,
796 1166 881 1248 quod
896 1165 1030 1247 Dareus,
1055 1166 1136 1231 sicut
1150 1166 1246 1250 paulo
1261 1171 1336 1230 ante

299 1270 418 1334 dictum
443 1276 500 1351 est,
533 1291 573 1335 ne
597 1271 682 1335 cultu
705 1269 902 1355 proderetur,
933 1271 1102 1352 abiecerat,
1133 1270 1166 1335 in
1188 1269 1336 1335 manibus

300 1374 376 1455 eius,
402 1375 456 1456 qui
479 1379 639 1458 repertum
662 1374 795 1456 ferebat,
830 1374 962 1458 agnovit
984 1382 1145 1458 ratusque,
1168 1372 1337 1439 interfecto

300 1479 477 1543 detractum
501 1498 580 1559 esse,
616 1478 731 1543 falsum
761 1479 906 1543 nuntium
936 1478 1045 1544 mortis
1078 1479 1146 1544 eius
1177 1477 1336 1542 attulerat.

266 1593 281 1643 6
300 1583 369 1647 Hoc
392 1582 559 1648 mulierum
580 1603 686 1647 errore
702 1590 863 1667 comperto
878 1582 1061 1648 Alexander
1079 1582 1223 1648 fortunae
1239 1580 1338 1646 Darei

301 1693 332 1751 et
348 1687 459 1772 pietati
474 1707 583 1752 earum
598 1687 807 1752 illacrimasse
822 1685 931 1752 fertur.
962 1686 1010 1752 Ac
1025 1687 1127 1772 primo
1139 1685 1337 1766 Mithrenem,

302 1791 356 1872 qui
380 1790 488 1856 Sardis
511 1790 695 1872 tradiderat,
727 1790 862 1875 peritum
885 1789 1016 1874 linguae
1038 1791 1195 1871 Persicae,
1227 1789 1273 1854 ire
1295 1787 1339 1853 ad

267 1894 514 1960 tconsolandas
538 1915 592 1959 eas
622 1895 781 1960 iusserat.v
814 1893 941 1959 Veritus
973 1893 1097 1976 deinde,
1128 1915 1168 1960 ne
1198 1893 1340 1978 proditor

303 2001 499 2086 captivarum
530 2000 608 2064 iram
633 1999 838 2083 doloremque
868 2007 1046 2081 renovaret,
1078 2000 1275 2064 Leonnatum
1299 2017 1339 2062 ex

302 2105 483 2191 purpuratis
515 2105 580 2170 suis
604 2103 697 2184 inisit,
732 2104 853 2170 iussum
882 2104 1032 2184 indicare,
1063 2103 1144 2169 falso
1175 2102 1340 2168 lamentari
1426 2157 1428 2160 .
1502 2187 1503 2208 Χ

303 2230 356 2275 eas
379 2209 498 2274 vivum.
536 2209 596 2273 llle
620 2228 691 2272 cum
715 2208 825 2292 paucis
848 2209 1016 2293 armigeris
1032 2207 1075 2272 ad
1089 2207 1338 2288 tabernaculum,

302 2315 421 2397 inquo
453 2313 599 2398 captivae
629 2320 727 2394 erant,
758 2313 904 2397 pervenit
934 2313 1129 2396 missumque
1161 2333 1195 2378 se
1221 2333 1241 2377 a
1263 2331 1341 2394 rege

269 2418 448 2483 &nuntiare
478 2417 575 2482 iubet.
621 2416 665 2481 At
698 2417 739 2498 hi,
772 2417 826 2499 qui
852 2418 885 2481 in
914 2416 1069 2482 vestibulo
1101 2423 1200 2498 erant,
1231 2421 1266 2480 ut
1294 2435 1341 2480 ar·

304 2530 405 2587 matos
429 2542 633 2606 conspexere,
665 2520 725 2585 rati
755 2528 863 2586 aetum
895 2542 966 2587 esse
997 2521 1036 2586 de
1067 2521 1210 2601 dominis,
1241 2519 1275 2584 in
1296 2525 1341 2583 ta-

304 2627 510 2691 bemaeulum
550 2633 686 2707 currunt,
733 2626 956 2707 vociferantes,
1002 2625 1116 2690 adesse
1161 2644 1342 2708 supremam

271 2729 427 2810 aberam,
461 2729 647 2812 missosque,
684 2730 735 2812 qui
772 2729 953 2795 occiderent
984 2736 1103 2814 captas.
1150 2729 1272 2810 Itaque,
1307 2733 1343 2790 ut

306 2855 388 2917 quae
422 2854 481 2898 nec
515 2833 684 2918 probibere
718 2843 849 2918 possent
881 2854 941 2899 nec
974 2826 1143 2898 admittere
1177 2831 1341 2912 auderent,

306 2938 393 3002 nullo
423 2958 576 3021 responso
607 2937 681 3002 dato
712 2937 830 3004 tacitae
860 2938 1108 3024 opperiebantur
1137 2935 1266 3002 victoris
1297 2956 1343 2999 ar·

257 3051 288 3100 10
306 3043 442 3108 bitrium.
489 3043 678 3123 Leonnatus,
704 3050 871 3128 expectato
895 3043 959 3124 diu,
984 3041 1038 3125 qui
1061 3062 1096 3107 se
1119 3039 1341 3120 introduceret,

306 3155 474 3233 postquam
497 3166 589 3210 nemo
612 3147 785 3231 procedere
808 3137 956 3228 audebat,
987 3145 1106 3210 relictis
1130 3143 1343 3210 investibulo

307 3251 497 3318 satellitibus
527 3254 625 3318 intrat
659 3252 691 3316 in
725 3252 974 3320 tabernaculum.
1020 3251 1068 3315 Ea
1098 3249 1169 3334 ipsa
1201 3269 1252 3314 res
1282 3256 1345 3313 tur·

307 3357 439 3422 baverat
462 3357 606 3438 feminas,
632 3355 717 3439 quod
739 3355 892 3438 irrupisse
908 3375 972 3420 non
991 3353 1149 3418 admissus
1165 3353 1342 3421 videbatur.

258 3469 288 3519 11
309 3461 421 3542 ltaque
444 3468 547 3526 mater
570 3468 602 3526 et
625 3461 740 3524 coniux
763 3460 952 3544 provolutae
975 3457 1018 3522 ad
1040 3457 1140 3542 pedes
1164 3477 1253 3522 orare
1277 3475 1344 3522 coe-

309 3572 431 3649 perunt,
455 3571 498 3646 ut,
523 3565 707 3650 priusquam
730 3564 990 3644 interficerentur,
1015 3562 1114 3628 Darei
1136 3582 1251 3646 corpus
1266 3560 1344 3646 ipsis

308 3668 410 3753 patrio
441 3689 529 3733 more
560 3669 696 3752 sepelire
727 3669 939 3753 permitteret:
974 3668 1100 3732 functas
1131 3685 1278 3750 supremo
1312 3664 1345 3728 in

258 3786 290 3835 12
309 3793 419 3855 regem
457 3770 562 3837 officio
597 3773 732 3856 impigre
769 3793 841 3838 esse
874 3772 1052 3836 morituras.
1099 3771 1279 3836 Leonnatus
1314 3776 1346 3834 et

308 3875 416 3942 vivere
440 3875 580 3940 Dareum
605 3877 654 3939 ait
677 3883 708 3940 et
738 3876 825 3960 ipsas
855 3897 918 3939 non
948 3874 1122 3940 incolumes
1153 3871 1256 3954 modo,
1288 3871 1345 3936 sed
