3040 4318
293 223 354 286 128
683 221 713 286 Q.
733 220 841 276 CURTl
861 220 947 274 RUFI

241 441 273 491 15
292 425 409 494 iacenti
432 427 536 513 spolia
557 427 685 494 demere
708 426 851 492 auderet.
897 427 967 493 Nec
991 428 1158 511 quisquam
1182 431 1250 514 fuit,
1275 432 1330 514 qui

292 532 462 598 sustineret
485 532 660 598 comminus
683 531 854 615 congredi:
878 533 989 616 procul
1011 532 1186 601 missilibus
1202 543 1330 621 appete-

294 635 392 717 batur,
417 657 456 701 ca
479 635 603 721 ipsein
627 636 754 702 hostem
776 641 973 718 retorquens,
999 636 1102 702 donec
1118 637 1231 705 lancea
1245 640 1330 706 nudo

291 741 412 824 pectori
435 739 534 806 infixa
557 747 623 805 est:
647 761 709 823 qua
731 760 771 804 cx
794 739 925 806 vulnere
949 740 1060 806 evulsa
1081 741 1269 810 inclinatum
1291 766 1330 810 ac

292 844 444 911 deficiens
468 851 564 930 caput
587 844 691 929 clipeo
714 844 877 928 paulisper
900 845 1036 930 excepit,
1058 844 1143 928 dein,
1166 847 1330 931 linquente

292 949 404 1033 spiritu
435 949 554 1033 pariter
582 969 621 1014 ac
655 947 822 1030 sanguine,
842 948 1049 1016 moribundus
1080 949 1113 1014 in
1143 971 1232 1016 arma
1261 974 1330 1036 pro-

241 1053 409 1118 recubuit.
456 1052 608 1118 Cecidere
632 1052 957 1118 Lacedaemoniorum
980 1076 1001 1118 v
1023 1053 1112 1119 milia
1135 1060 1263 1138 01000,
1289 1077 1330 1122 ex

291 1158 521 1225 Macedonibus
544 1156 632 1222 haud
647 1157 784 1242 amplius
799 1157 903 1222 mille:
928 1164 1068 1223 ceterum
1090 1158 1146 1223 vix
1162 1159 1329 1243 quisquam

290 1263 351 1328 nisi
375 1262 501 1328 saucius
524 1262 654 1327 revertit
676 1261 709 1326 in
732 1267 846 1327 castra.

393 1367 483 1431 Haec
505 1366 639 1431 victoria
662 1387 726 1431 non
750 1365 899 1450 Spartam
927 1365 1023 1432 modo
1053 1365 1221 1450 sociosque
1243 1364 1358 1450 01003

290 1471 347 1536 sed
370 1471 466 1536 etiam
489 1470 602 1552 omnis,
627 1469 680 1553 qui
696 1469 855 1535 fortunam
871 1469 947 1536 belli
963 1475 1195 1554 spectaverant,
1219 1469 1327 1555 fregit.

239 1589 270 1638 17
289 1577 358 1640 Neo
392 1574 526 1640 fallebat
548 1573 760 1660 Antipatrum,
795 1573 967 1640 dissentire
1001 1575 1042 1640 ab
1073 1574 1189 1640 animis
1223 1583 1329 1658 gratu·

289 1679 421 1744 lantium
450 1680 565 1760 vultus,
600 1679 658 1744 sed
691 1680 810 1745 bellum
844 1679 933 1744 finire
969 1679 1109 1765 cupienti
1145 1699 1225 1766 opus
1260 1688 1328 1746 erat

288 1783 405 1868 decipi.
451 1784 491 1848 Ilt
514 1804 705 1866 quamquam
728 1783 856 1850 fortuna
870 1804 975 1848 rerum
990 1783 1149 1868 placebat,
1172 1783 1327 1850 invidiam

288 1895 405 1969 tamen,
437 1888 511 1972 quia
533 1888 669 1953 maiores
692 1895 783 1952 erant
806 1910 900 1972 quam
931 1907 1010 1970 quas
1033 1885 1191 1972 praefecti
1212 1888 1327 1955 modus

239 1997 426 2078 recuperet,
450 1995 619 2058 metuebat.
661 1991 786 2077 Quippe
802 1992 986 2058 Alexander
1000 1993 1111 2058 hostes
1133 1993 1218 2058 vinci
1240 1992 1327 2059 volu-

289 2106 366 2179 erat,
401 2096 604 2182 Antipatrum
640 2095 760 2164 vicisse
794 2118 834 2164 ne
868 2097 984 2164 tacitus
1021 2097 1149 2182 quidem
1182 2097 1328 2181 indigna-

289 2203 390 2284 batur,
422 2223 499 2268 suae
523 2202 685 2286 demptum
709 2201 831 2286 gloriae
863 2201 1057 2283 existimans,
1089 2201 1240 2284 quioquid
1261 2223 1327 2268 oes-

238 2308 382 2373 lusisset
419 2307 553 2372 alienae.
614 2308 726 2389 Itaque
761 2305 939 2391 Antipater,
985 2307 1040 2390 qui
1083 2307 1183 2392 probe
1219 2314 1327 2372 nosset

288 2412 426 2497 spiritus
441 2412 517 2493 eius,
542 2433 606 2477 non
629 2419 677 2477 est
700 2431 796 2477 ausus
819 2411 889 2496 ipse
905 2432 1003 2494 agere
1018 2411 1150 2478 arbitria
1164 2411 1325 2493 victoriae,

288 2517 346 2583 sed
369 2517 537 2583 concilium
561 2517 762 2598 Graecorum,
788 2515 864 2600 quid
887 2515 955 2581 ficri
976 2516 1128 2602 placeret,
1157 2515 1325 2582 consuluit.

237 2631 271 2680 20
289 2621 318 2686 A
341 2641 403 2705 quo
425 2620 680 2703 Lacedaemonii,
707 2620 786 2685 nibil
809 2619 897 2686 aliud
920 2641 1015 2704 quam
1036 2627 1071 2686 ut
1094 2626 1235 2686 oratores
1258 2620 1327 2686 mit-

288 2733 355 2792 tere
378 2725 421 2790 ad
442 2745 552 2808 regem
571 2725 682 2790 liceret
697 2725 827 2810 precati,
852 2724 979 2790 veniam
995 2723 1185 2791 defectionis
1200 2732 1327 2809 practer

287 2839 433 2896 auctores
456 2833 715 2915 impetraverunt.
760 2829 1051 2914 Megalopolitanis,
1087 2850 1219 2912 quorum
1249 2831 1325 2895 urbs

289 2935 421 3001 obsessa
443 2940 511 2999 crat
533 2957 554 2999 a
576 2933 765 2998 defectionis
789 2933 894 3015 sociis,
918 2932 1043 2999 Achaei
1065 2940 1097 2998 01
1112 2933 1176 2998 lllii
1199 2941 1325 3002 eentum

235 3049 267 3100 21
287 3051 338 3104 xx
361 3039 482 3104 talenta
504 3039 582 3104 dare
604 3037 682 3103 iussi
706 3045 788 3103 sunt.
824 3037 886 3103 Hic
909 3037 969 3102 fuit
992 3038 1095 3103 exitus
1119 3037 1206 3118 belli,
1231 3038 1325 3120 quod,

285 3151 417 3229 repente
441 3150 552 3224 ortum,
586 3142 674 3225 prius
697 3148 804 3208 tamen
834 3141 956 3208 finitum
986 3149 1036 3208 est
1066 3163 1161 3225 quam
1180 3142 1324 3208 'Dareum

286 3247 471 3314 Alexander
493 3247 579 3332 apud
601 3247 722 3313 Arbela
743 3253 917 3332 superaret.

743 3439 808 3494 011.
827 3439 862 3493 Il.

253 3578 266 3627 1
391 3559 456 3625 Sed
467 3567 502 3625 ut
517 3559 651 3644 primum
671 3555 864 3624 instantibus
881 3559 965 3627 curis
981 3560 1107 3626 laxatus
1123 3565 1172 3624 est
1187 3558 1355 3639 animus,4

285 3664 468 3730 militarium
496 3685 601 3729 rerum
635 3683 730 3746 quam
764 3661 879 3745 quietis
909 3662 1027 3746 otiique
1057 3662 1237 3748 patientior,
1271 3683 1323 3727 ex-

286 3790 400 3853 cepere
431 3790 503 3833 cum
531 3767 723 3852 voluptates,
755 3774 794 3848 et,
826 3788 920 3850 quem
950 3789 1038 3832 arma
1061 3768 1229 3832 Persarum
1259 3787 1322 3832 non

256 3873 462 3956 afregerant,
492 3872 570 3938 vitia
599 3872 760 3938 vicerunt:
794 3872 984 3956 tempestiva
1014 3871 1164 3938 convivia
1194 3876 1226 3936 et
1254 3891 1322 3956 per-
