<?xml version="1.0" encoding="UTF-8"?>
<!DOCTYPE html PUBLIC "-//W3C//DTD XHTML 1.0 Transitional//EN"
    "http://www.w3.org/TR/xhtml1/DTD/xhtml1-transitional.dtd">
<html xmlns="http://www.w3.org/1999/xhtml" xml:lang="en" lang="en">
 <head>
  <title>
</title>
<meta http-equiv="Content-Type" content="text/html;charset=utf-8" />
  <meta name='ocr-system' content='tesseract 3.04.00' />
  <meta name='ocr-capabilities' content='ocr_page ocr_carea ocr_par ocr_line ocrx_word'/>
</head>
<body>
  <div class='ocr_page' id='page_1' title='image "./qcurtirufihisto00stangoog_0309.png"; bbox 0 0 2970 4322; ppageno 0'>
   <div class='ocr_carea' id='block_1_1' title="bbox 290 152 941 228">
    <p class='ocr_par' dir='ltr' id='par_1_1' title="bbox 290 152 941 228">
     <span class='ocr_line' id='line_1_1' title="bbox 290 152 941 228; baseline -0.009 -16"><span class='ocrx_word' id='word_1_1' title='bbox 290 164 354 228; x_wconf 74' lang='lat'>276</span> <span class='ocrx_word' id='word_1_2' title='bbox 676 157 707 225; x_wconf 81' lang='lat' dir='ltr'>o.</span> <span class='ocrx_word' id='word_1_3' title='bbox 727 155 836 211; x_wconf 79' lang='grc'>00022</span> <span class='ocrx_word' id='word_1_4' title='bbox 855 152 941 208; x_wconf 84' lang='lat' dir='ltr'>surr</span> 
     </span>
    </p>
   </div>
   <div class='ocr_carea' id='block_1_2' title="bbox 237 355 1458 3235">
    <p class='ocr_par' dir='ltr' id='par_1_2' title="bbox 289 355 1325 452">
     <span class='ocr_line' id='line_1_2' title="bbox 289 355 1325 452; baseline -0.011 -17"><span class='ocrx_word' id='word_1_5' title='bbox 289 373 503 452; x_wconf 81' lang='lat' dir='ltr'>sequerentur,</span> <span class='ocrx_word' id='word_1_6' title='bbox 519 371 703 449; x_wconf 86' lang='lat' dir='ltr'>expectans.</span> <span class='ocrx_word' id='word_1_7' title='bbox 748 360 819 432; x_wconf 81' lang='lat' dir='ltr'>Vix,</span> <span class='ocrx_word' id='word_1_8' title='bbox 836 379 918 442; x_wconf 87' lang='lat' dir='ltr'>quae</span> <span class='ocrx_word' id='word_1_9' title='bbox 934 357 1203 444; x_wconf 79' lang='lat' dir='ltr'>perpetiebantur,</span> <span class='ocrx_word' id='word_1_10' title='bbox 1219 355 1325 424; x_wconf 90' lang='lat' dir='ltr'>videre</span> 
     </span>
    </p>

    <p class='ocr_par' dir='ltr' id='par_1_3' title="bbox 237 460 1456 872">
     <span class='ocr_line' id='line_1_3' title="bbox 237 460 1327 558; baseline -0.01 -21"><span class='ocrx_word' id='word_1_11' title='bbox 237 489 271 537; x_wconf 93' lang='grc'>22</span> <span class='ocrx_word' id='word_1_12' title='bbox 290 474 377 558; x_wconf 91' lang='lat' dir='ltr'>ipsos</span> <span class='ocrx_word' id='word_1_13' title='bbox 400 469 582 548; x_wconf 88' lang='lat' dir='ltr'>credebant,</span> <span class='ocrx_word' id='word_1_14' title='bbox 606 466 746 532; x_wconf 89' lang='lat' dir='ltr'>insieco</span> <span class='ocrx_word' id='word_1_15' title='bbox 769 461 949 545; x_wconf 84' lang='lat' dir='ltr'>naufragia,</span> <span class='ocrx_word' id='word_1_16' title='bbox 971 461 1006 526; x_wconf 94' lang='lat' dir='ltr'>in</span> <span class='ocrx_word' id='word_1_17' title='bbox 1027 460 1112 526; x_wconf 90' lang='lat' dir='ltr'>amni</span> <span class='ocrx_word' id='word_1_18' title='bbox 1135 482 1232 527; x_wconf 88' lang='lat' dir='ltr'>mare.</span> <span class='ocrx_word' id='word_1_19' title='bbox 1261 462 1327 526; x_wconf 87' lang='lat' dir='ltr'>Nec</span> 
     </span>
     <span class='ocr_line' id='line_1_4' title="bbox 288 565 1327 656; baseline -0.012 -15"><span class='ocrx_word' id='word_1_20' title='bbox 288 575 360 641; x_wconf 88' lang='lat' dir='ltr'>finis</span> <span class='ocrx_word' id='word_1_21' title='bbox 378 574 551 640; x_wconf 86' lang='lat' dir='ltr'>malcrum:</span> <span class='ocrx_word' id='word_1_22' title='bbox 568 572 688 656; x_wconf 87' lang='lat' dir='ltr'>quippe</span> <span class='ocrx_word' id='word_1_23' title='bbox 705 575 830 634; x_wconf 85' lang='lat' dir='ltr'>aestum</span> <span class='ocrx_word' id='word_1_24' title='bbox 845 566 942 652; x_wconf 90' lang='lat' dir='ltr'>paulo</span> <span class='ocrx_word' id='word_1_25' title='bbox 957 571 1031 650; x_wconf 91' lang='lat' dir='ltr'>post</span> <span class='ocrx_word' id='word_1_26' title='bbox 1042 585 1132 630; x_wconf 89' lang='lat' dir='ltr'>mare</span> <span class='ocrx_word' id='word_1_27' title='bbox 1147 565 1327 646; x_wconf 85' lang='lat' dir='ltr'>relaturum,</span> 
     </span>
     <span class='ocr_line' id='line_1_5' title="bbox 289 667 1328 762; baseline -0.013 -17"><span class='ocrx_word' id='word_1_28' title='bbox 289 701 351 762; x_wconf 92' lang='lat' dir='ltr'>quo</span> <span class='ocrx_word' id='word_1_29' title='bbox 385 677 515 759; x_wconf 87' lang='lat' dir='ltr'>navigia</span> <span class='ocrx_word' id='word_1_30' title='bbox 536 675 759 752; x_wconf 83' lang='lat' dir='ltr'>allevarentur,</span> <span class='ocrx_word' id='word_1_31' title='bbox 781 670 899 754; x_wconf 92' lang='lat' dir='ltr'>ignari,</span> <span class='ocrx_word' id='word_1_32' title='bbox 922 669 1041 734; x_wconf 87' lang='lat' dir='ltr'>famem</span> <span class='ocrx_word' id='word_1_33' title='bbox 1067 675 1099 733; x_wconf 91' lang='lat' dir='ltr'>et</span> <span class='ocrx_word' id='word_1_34' title='bbox 1121 667 1233 732; x_wconf 87' lang='lat' dir='ltr'>ultima</span> <span class='ocrx_word' id='word_1_35' title='bbox 1256 669 1328 733; x_wconf 92' lang='lat' dir='ltr'>sibi·</span> 
     </span>
     <span class='ocr_line' id='line_1_6' title="bbox 288 771 1456 872; baseline -0.01 -23"><span class='ocrx_word' id='word_1_36' title='bbox 288 791 353 848; x_wconf 92' lang='lat' dir='ltr'>met</span> <span class='ocrx_word' id='word_1_37' title='bbox 386 781 614 848; x_wconf 89' lang='lat' dir='ltr'>ominabantur.</span> <span class='ocrx_word' id='word_1_38' title='bbox 661 777 780 842; x_wconf 85' lang='lat' dir='ltr'>Beluae</span> <span class='ocrx_word' id='word_1_39' title='bbox 815 794 940 857; x_wconf 92' lang='lat' dir='ltr'>quoque</span> <span class='ocrx_word' id='word_1_40' title='bbox 974 771 1125 838; x_wconf 90' lang='lat' dir='ltr'>fluctibus</span> <span class='ocrx_word' id='word_1_41' title='bbox 1157 771 1330 839; x_wconf 90' lang='lat' dir='ltr'>destitutae</span> <span class='ocrx_word' id='word_1_42' title='bbox 1455 863 1456 872; x_wconf 8' lang='grc' dir='ltr'>ἵ</span> 
     </span>
    </p>

    <p class='ocr_par' dir='ltr' id='par_1_4' title="bbox 237 869 1375 1384">
     <span class='ocr_line' id='line_1_7' title="bbox 237 869 1375 967; baseline -0.012 -13"><span class='ocrx_word' id='word_1_43' title='bbox 237 905 270 954; x_wconf 84' lang='grc'>23</span> <span class='ocrx_word' id='word_1_44' title='bbox 288 887 445 952; x_wconf 84' lang='lat' dir='ltr'>terribiles</span> <span class='ocrx_word' id='word_1_45' title='bbox 467 883 677 967; x_wconf 87' lang='lat' dir='ltr'>vagabantur.</span> <span class='ocrx_word' id='word_1_46' title='bbox 724 879 857 960; x_wconf 89' lang='lat' dir='ltr'>Iamque</span> <span class='ocrx_word' id='word_1_47' title='bbox 880 898 944 944; x_wconf 83' lang='lat' dir='ltr'>nox</span> <span class='ocrx_word' id='word_1_48' title='bbox 965 877 1145 961; x_wconf 85' lang='lat' dir='ltr'>appetebat,</span> <span class='ocrx_word' id='word_1_49' title='bbox 1166 883 1198 943; x_wconf 92' lang='lat' dir='ltr'>et</span> <span class='ocrx_word' id='word_1_50' title='bbox 1220 869 1375 960; x_wconf 72' lang='lat' dir='ltr'>regemdl</span> 
     </span>
     <span class='ocr_line' id='line_1_8' title="bbox 288 980 1330 1074; baseline -0.011 -18"><span class='ocrx_word' id='word_1_51' title='bbox 288 1009 415 1074; x_wconf 89' lang='lat' dir='ltr'>quoque</span> <span class='ocrx_word' id='word_1_52' title='bbox 441 986 620 1072; x_wconf 83' lang='lat' dir='ltr'>desperatio</span> <span class='ocrx_word' id='word_1_53' title='bbox 655 983 767 1049; x_wconf 90' lang='lat' dir='ltr'>salutis</span> <span class='ocrx_word' id='word_1_54' title='bbox 800 980 1003 1065; x_wconf 84' lang='lat' dir='ltr'>aegritudine</span> <span class='ocrx_word' id='word_1_55' title='bbox 1035 980 1197 1050; x_wconf 84' lang='lat' dir='ltr'>affecerat.</span> <span class='ocrx_word' id='word_1_56' title='bbox 1257 980 1330 1046; x_wconf 88' lang='lat' dir='ltr'>Non</span> 
     </span>
     <span class='ocr_line' id='line_1_9' title="bbox 288 1089 1331 1171; baseline -0.006 -11"><span class='ocrx_word' id='word_1_57' title='bbox 288 1101 395 1161; x_wconf 88' lang='lat' dir='ltr'>tamen</span> <span class='ocrx_word' id='word_1_58' title='bbox 416 1093 570 1158; x_wconf 90' lang='lat' dir='ltr'>invictum</span> <span class='ocrx_word' id='word_1_59' title='bbox 593 1089 733 1154; x_wconf 88' lang='lat' dir='ltr'>animum</span> <span class='ocrx_word' id='word_1_60' title='bbox 755 1107 850 1154; x_wconf 90' lang='lat' dir='ltr'>curae</span> <span class='ocrx_word' id='word_1_61' title='bbox 872 1089 1018 1169; x_wconf 90' lang='lat' dir='ltr'>obruunt,</span> <span class='ocrx_word' id='word_1_62' title='bbox 1042 1089 1119 1171; x_wconf 93' lang='lat' dir='ltr'>quin</span> <span class='ocrx_word' id='word_1_63' title='bbox 1141 1096 1209 1154; x_wconf 87' lang='grc'>2020</span> <span class='ocrx_word' id='word_1_64' title='bbox 1238 1097 1331 1154; x_wconf 84' lang='grc'>00020</span> 
     </span>
     <span class='ocr_line' id='line_1_10' title="bbox 288 1191 1330 1284; baseline -0.005 -21"><span class='ocrx_word' id='word_1_65' title='bbox 288 1196 472 1284; x_wconf 88' lang='lat' dir='ltr'>persederet</span> <span class='ocrx_word' id='word_1_66' title='bbox 487 1195 519 1259; x_wconf 91' lang='lat' dir='ltr'>in</span> <span class='ocrx_word' id='word_1_67' title='bbox 531 1191 671 1279; x_wconf 83' lang='lat' dir='ltr'>speculis</span> <span class='ocrx_word' id='word_1_68' title='bbox 683 1191 867 1274; x_wconf 87' lang='lat' dir='ltr'>equitesque</span> <span class='ocrx_word' id='word_1_69' title='bbox 883 1192 1099 1276; x_wconf 81' lang='lat' dir='ltr'>praemitteret</span> <span class='ocrx_word' id='word_1_70' title='bbox 1110 1193 1152 1257; x_wconf 92' lang='lat' dir='ltr'>ad</span> <span class='ocrx_word' id='word_1_71' title='bbox 1165 1213 1201 1258; x_wconf 93' lang='lat' dir='ltr'>os</span> <span class='ocrx_word' id='word_1_72' title='bbox 1216 1193 1330 1273; x_wconf 88' lang='lat' dir='ltr'>amnis,</span> 
     </span>
     <span class='ocr_line' id='line_1_11' title="bbox 288 1293 1328 1384; baseline -0.006 -16"><span class='ocrx_word' id='word_1_73' title='bbox 288 1309 332 1384; x_wconf 90' lang='lat' dir='ltr'>ut,</span> <span class='ocrx_word' id='word_1_74' title='bbox 356 1321 428 1366; x_wconf 91' lang='lat' dir='ltr'>cum</span> <span class='ocrx_word' id='word_1_75' title='bbox 442 1318 529 1364; x_wconf 90' lang='lat' dir='ltr'>mare</span> <span class='ocrx_word' id='word_1_76' title='bbox 555 1315 665 1362; x_wconf 87' lang='lat' dir='ltr'>rursus</span> <span class='ocrx_word' id='word_1_77' title='bbox 680 1301 869 1362; x_wconf 82' lang='lat' dir='ltr'>exaestuare</span> <span class='ocrx_word' id='word_1_78' title='bbox 884 1293 1070 1378; x_wconf 88' lang='lat' dir='ltr'>sensissent,</span> <span class='ocrx_word' id='word_1_79' title='bbox 1090 1297 1328 1381; x_wconf 86' lang='lat' dir='ltr'>praecederent</span> 
     </span>
    </p>

    <p class='ocr_par' dir='ltr' id='par_1_5' title="bbox 238 1399 1457 1593">
     <span class='ocr_line' id='line_1_12' title="bbox 238 1399 1457 1489; baseline -0.008 -13"><span class='ocrx_word' id='word_1_80' title='bbox 238 1425 272 1476; x_wconf 80' lang='grc'>24</span> <span class='ocrx_word' id='word_1_81' title='bbox 290 1406 431 1489; x_wconf 87' lang='lat' dir='ltr'>Navigia</span> <span class='ocrx_word' id='word_1_82' title='bbox 459 1422 586 1486; x_wconf 92' lang='lat' dir='ltr'>quoque</span> <span class='ocrx_word' id='word_1_83' title='bbox 617 1409 649 1468; x_wconf 90' lang='lat' dir='ltr'>et</span> <span class='ocrx_word' id='word_1_84' title='bbox 681 1401 823 1466; x_wconf 91' lang='lat' dir='ltr'>lacerata</span> <span class='ocrx_word' id='word_1_85' title='bbox 856 1399 945 1466; x_wconf 87' lang='lat' dir='ltr'>refici</span> <span class='ocrx_word' id='word_1_86' title='bbox 972 1408 1005 1466; x_wconf 92' lang='lat' dir='ltr'>et</span> <span class='ocrx_word' id='word_1_87' title='bbox 1038 1421 1150 1467; x_wconf 90' lang='lat' dir='ltr'>eversa</span> <span class='ocrx_word' id='word_1_88' title='bbox 1182 1399 1331 1466; x_wconf 88' lang='lat' dir='ltr'>fluetibus</span> <span class='ocrx_word' id='word_1_89' title='bbox 1456 1401 1457 1426; x_wconf 67' lang='lat'>¹</span> 
     </span>
     <span class='ocr_line' id='line_1_13' title="bbox 290 1504 1331 1593; baseline -0.005 -17"><span class='ocrx_word' id='word_1_90' title='bbox 290 1509 369 1593; x_wconf 89' lang='lat' dir='ltr'>erigi</span> <span class='ocrx_word' id='word_1_91' title='bbox 391 1507 490 1586; x_wconf 89' lang='lat' dir='ltr'>iubet,</span> <span class='ocrx_word' id='word_1_92' title='bbox 502 1512 694 1592; x_wconf 87' lang='lat' dir='ltr'>paratosque</span> <span class='ocrx_word' id='word_1_93' title='bbox 709 1524 781 1571; x_wconf 86' lang='lat' dir='ltr'>esse</span> <span class='ocrx_word' id='word_1_94' title='bbox 804 1510 836 1570; x_wconf 89' lang='lat' dir='ltr'>et</span> <span class='ocrx_word' id='word_1_95' title='bbox 850 1504 1003 1586; x_wconf 90' lang='lat' dir='ltr'>intentos,</span> <span class='ocrx_word' id='word_1_96' title='bbox 1026 1525 1102 1570; x_wconf 91' lang='lat' dir='ltr'>cum</span> <span class='ocrx_word' id='word_1_97' title='bbox 1115 1525 1225 1571; x_wconf 89' lang='lat' dir='ltr'>rursus</span> <span class='ocrx_word' id='word_1_98' title='bbox 1245 1527 1331 1572; x_wconf 89' lang='lat' dir='ltr'>mare</span> 
     </span>
    </p>

    <p class='ocr_par' dir='ltr' id='par_1_6' title="bbox 238 1609 1458 2009">
     <span class='ocr_line' id='line_1_14' title="bbox 238 1609 1331 1692; baseline -0.004 -13"><span class='ocrx_word' id='word_1_99' title='bbox 238 1633 272 1685; x_wconf 84' lang='lat'>25</span> <span class='ocrx_word' id='word_1_100' title='bbox 290 1619 390 1679; x_wconf 90' lang='lat' dir='ltr'>terras</span> <span class='ocrx_word' id='word_1_101' title='bbox 412 1610 609 1676; x_wconf 80' lang='lat' dir='ltr'>inundasset.</span> <span class='ocrx_word' id='word_1_102' title='bbox 655 1609 735 1674; x_wconf 83' lang='lat' dir='ltr'>Tota</span> <span class='ocrx_word' id='word_1_103' title='bbox 762 1629 801 1673; x_wconf 90' lang='lat' dir='ltr'>ea</span> <span class='ocrx_word' id='word_1_104' title='bbox 831 1615 925 1674; x_wconf 90' lang='lat' dir='ltr'>nocte</span> <span class='ocrx_word' id='word_1_105' title='bbox 955 1609 1038 1675; x_wconf 88' lang='lat' dir='ltr'>inter</span> <span class='ocrx_word' id='word_1_106' title='bbox 1059 1609 1188 1692; x_wconf 86' lang='lat' dir='ltr'>vigilias</span> <span class='ocrx_word' id='word_1_107' title='bbox 1218 1609 1331 1676; x_wconf 89' lang='lat' dir='ltr'>adhor-</span> 
     </span>
     <span class='ocr_line' id='line_1_15' title="bbox 289 1712 1332 1798; baseline -0.003 -16"><span class='ocrx_word' id='word_1_108' title='bbox 289 1716 490 1798; x_wconf 88' lang='lat' dir='ltr'>tationesque</span> <span class='ocrx_word' id='word_1_109' title='bbox 513 1720 701 1798; x_wconf 85' lang='lat' dir='ltr'>consumpta</span> <span class='ocrx_word' id='word_1_110' title='bbox 724 1712 870 1778; x_wconf 83' lang='lat' dir='ltr'>celeriter</span> <span class='ocrx_word' id='word_1_111' title='bbox 892 1720 925 1778; x_wconf 90' lang='grc'>02</span> <span class='ocrx_word' id='word_1_112' title='bbox 947 1713 1070 1795; x_wconf 90' lang='lat' dir='ltr'>equites</span> <span class='ocrx_word' id='word_1_113' title='bbox 1089 1713 1212 1796; x_wconf 83' lang='lat' dir='ltr'>ingenti</span> <span class='ocrx_word' id='word_1_114' title='bbox 1236 1735 1332 1780; x_wconf 88' lang='lat' dir='ltr'>cursu</span> 
     </span>
     <span class='ocr_line' id='line_1_16' title="bbox 290 1816 1331 1904; baseline -0.002 -18"><span class='ocrx_word' id='word_1_115' title='bbox 290 1821 437 1904; x_wconf 83' lang='lat' dir='ltr'>refugere</span> <span class='ocrx_word' id='word_1_116' title='bbox 467 1825 498 1884; x_wconf 91' lang='lat' dir='ltr'>et</span> <span class='ocrx_word' id='word_1_117' title='bbox 528 1823 655 1883; x_wconf 88' lang='lat' dir='ltr'>secutus</span> <span class='ocrx_word' id='word_1_118' title='bbox 679 1823 727 1882; x_wconf 88' lang='lat' dir='ltr'>est</span> <span class='ocrx_word' id='word_1_119' title='bbox 760 1823 879 1884; x_wconf 87' lang='lat' dir='ltr'>aestus.</span> <span class='ocrx_word' id='word_1_120' title='bbox 928 1816 991 1893; x_wconf 79' lang='lat' dir='ltr'>Qui</span> <span class='ocrx_word' id='word_1_121' title='bbox 1024 1817 1126 1901; x_wconf 92' lang='lat' dir='ltr'>primo</span> <span class='ocrx_word' id='word_1_122' title='bbox 1149 1819 1243 1901; x_wconf 89' lang='lat' dir='ltr'>aquis</span> <span class='ocrx_word' id='word_1_123' title='bbox 1266 1819 1331 1884; x_wconf 90' lang='lat' dir='ltr'>leni</span> 
     </span>
     <span class='ocr_line' id='line_1_17' title="bbox 289 1917 1458 2009; baseline 0.001 -20"><span class='ocrx_word' id='word_1_124' title='bbox 289 1930 393 1989; x_wconf 90' lang='lat' dir='ltr'>tractu</span> <span class='ocrx_word' id='word_1_125' title='bbox 405 1919 615 1988; x_wconf 89' lang='lat' dir='ltr'>subeuntibus</span> <span class='ocrx_word' id='word_1_126' title='bbox 628 1919 733 2004; x_wconf 87' lang='lat' dir='ltr'>eoepit</span> <span class='ocrx_word' id='word_1_127' title='bbox 747 1918 857 1985; x_wconf 83' lang='lat' dir='ltr'>levare</span> <span class='ocrx_word' id='word_1_128' title='bbox 871 1920 1012 2004; x_wconf 86' lang='lat' dir='ltr'>navigia,</span> <span class='ocrx_word' id='word_1_129' title='bbox 1025 1941 1108 2004; x_wconf 85' lang='lat' dir='ltr'>mcx,</span> <span class='ocrx_word' id='word_1_130' title='bbox 1119 1922 1195 1988; x_wconf 87' lang='lat' dir='ltr'>totis</span> <span class='ocrx_word' id='word_1_131' title='bbox 1207 1926 1330 2009; x_wconf 89' lang='lat' dir='ltr'>campis</span> <span class='ocrx_word' id='word_1_132' title='bbox 1457 1917 1458 1926; x_wconf 68' lang='grc'>’</span> 
     </span>
    </p>

    <p class='ocr_par' dir='ltr' id='par_1_7' title="bbox 238 2021 1330 2530">
     <span class='ocr_line' id='line_1_18' title="bbox 238 2021 1330 2108; baseline 0 -16"><span class='ocrx_word' id='word_1_133' title='bbox 238 2051 270 2100; x_wconf 86' lang='lat'>26</span> <span class='ocrx_word' id='word_1_134' title='bbox 289 2025 460 2106; x_wconf 89' lang='lat' dir='ltr'>inundatis,</span> <span class='ocrx_word' id='word_1_135' title='bbox 473 2023 570 2090; x_wconf 92' lang='lat' dir='ltr'>etiam</span> <span class='ocrx_word' id='word_1_136' title='bbox 591 2021 717 2108; x_wconf 90' lang='lat' dir='ltr'>impulit</span> <span class='ocrx_word' id='word_1_137' title='bbox 740 2023 886 2088; x_wconf 88' lang='lat' dir='ltr'>classem.</span> <span class='ocrx_word' id='word_1_138' title='bbox 911 2025 1048 2090; x_wconf 92' lang='lat' dir='ltr'>Plausus</span> <span class='ocrx_word' id='word_1_139' title='bbox 1071 2025 1207 2092; x_wconf 91' lang='lat' dir='ltr'>militum</span> <span class='ocrx_word' id='word_1_140' title='bbox 1230 2029 1330 2093; x_wconf 88' lang='lat' dir='ltr'>nauti-</span> 
     </span>
     <span class='ocr_line' id='line_1_19' title="bbox 289 2127 1329 2212; baseline -0.001 -15"><span class='ocrx_word' id='word_1_141' title='bbox 289 2149 470 2212; x_wconf 82' lang='lat' dir='ltr'>corumque,</span> <span class='ocrx_word' id='word_1_142' title='bbox 495 2127 690 2212; x_wconf 87' lang='lat' dir='ltr'>insperatam</span> <span class='ocrx_word' id='word_1_143' title='bbox 728 2127 862 2193; x_wconf 89' lang='lat' dir='ltr'>salutem</span> <span class='ocrx_word' id='word_1_144' title='bbox 895 2127 1067 2194; x_wconf 92' lang='lat' dir='ltr'>immodico</span> <span class='ocrx_word' id='word_1_145' title='bbox 1100 2130 1329 2198; x_wconf 85' lang='lat' dir='ltr'>celebrantium</span> 
     </span>
     <span class='ocr_line' id='line_1_20' title="bbox 289 2230 1329 2320; baseline -0.002 -18"><span class='ocrx_word' id='word_1_146' title='bbox 289 2235 417 2320; x_wconf 87' lang='lat' dir='ltr'>gaudio,</span> <span class='ocrx_word' id='word_1_147' title='bbox 429 2231 573 2299; x_wconf 90' lang='lat' dir='ltr'>litoribus</span> <span class='ocrx_word' id='word_1_148' title='bbox 585 2230 727 2315; x_wconf 89' lang='lat' dir='ltr'>ripisque</span> <span class='ocrx_word' id='word_1_149' title='bbox 742 2232 923 2298; x_wconf 89' lang='lat' dir='ltr'>resonabat.</span> <span class='ocrx_word' id='word_1_150' title='bbox 947 2232 1039 2298; x_wconf 91' lang='lat' dir='ltr'>Unde</span> <span class='ocrx_word' id='word_1_151' title='bbox 1053 2241 1175 2300; x_wconf 87' lang='lat' dir='ltr'>tantum</span> <span class='ocrx_word' id='word_1_152' title='bbox 1194 2236 1329 2302; x_wconf 89' lang='lat' dir='ltr'>redisset</span> 
     </span>
     <span class='ocr_line' id='line_1_21' title="bbox 289 2334 1329 2420; baseline 0.002 -16"><span class='ocrx_word' id='word_1_153' title='bbox 289 2339 394 2404; x_wconf 89' lang='lat' dir='ltr'>subito</span> <span class='ocrx_word' id='word_1_154' title='bbox 417 2358 513 2417; x_wconf 89' lang='lat' dir='ltr'>mare,</span> <span class='ocrx_word' id='word_1_155' title='bbox 538 2355 601 2418; x_wconf 91' lang='lat' dir='ltr'>quo</span> <span class='ocrx_word' id='word_1_156' title='bbox 631 2334 734 2420; x_wconf 91' lang='lat' dir='ltr'>pridie</span> <span class='ocrx_word' id='word_1_157' title='bbox 764 2335 944 2419; x_wconf 80' lang='lat' dir='ltr'>refugisset,</span> <span class='ocrx_word' id='word_1_158' title='bbox 968 2357 1124 2420; x_wconf 88' lang='lat' dir='ltr'>quaenam</span> <span class='ocrx_word' id='word_1_159' title='bbox 1154 2346 1239 2406; x_wconf 88' lang='lat' dir='ltr'>esset</span> <span class='ocrx_word' id='word_1_160' title='bbox 1262 2341 1329 2406; x_wconf 90' lang='lat' dir='ltr'>eius</span> 
     </span>
     <span class='ocr_line' id='line_1_22' title="bbox 289 2439 1329 2530; baseline 0.003 -22"><span class='ocrx_word' id='word_1_161' title='bbox 289 2443 438 2508; x_wconf 90' lang='lat' dir='ltr'>elementi</span> <span class='ocrx_word' id='word_1_162' title='bbox 459 2446 585 2520; x_wconf 88' lang='lat' dir='ltr'>natura,</span> <span class='ocrx_word' id='word_1_163' title='bbox 609 2439 704 2504; x_wconf 93' lang='lat' dir='ltr'>modo</span> <span class='ocrx_word' id='word_1_164' title='bbox 728 2439 859 2521; x_wconf 88' lang='lat' dir='ltr'>discors,</span> <span class='ocrx_word' id='word_1_165' title='bbox 886 2440 980 2506; x_wconf 91' lang='lat' dir='ltr'>modo</span> <span class='ocrx_word' id='word_1_166' title='bbox 995 2443 1129 2526; x_wconf 89' lang='lat' dir='ltr'>imperio</span> <span class='ocrx_word' id='word_1_167' title='bbox 1151 2450 1329 2530; x_wconf 88' lang='lat' dir='ltr'>temporum</span> 
     </span>
    </p>

    <p class='ocr_par' dir='ltr' id='par_1_8' title="bbox 237 2542 1345 3235">
     <span class='ocr_line' id='line_1_23' title="bbox 237 2542 1328 2632; baseline 0.002 -20"><span class='ocrx_word' id='word_1_168' title='bbox 237 2571 270 2620; x_wconf 80' lang='lat'>27</span> <span class='ocrx_word' id='word_1_169' title='bbox 289 2546 435 2626; x_wconf 85' lang='lat' dir='ltr'>obnoxia,</span> <span class='ocrx_word' id='word_1_170' title='bbox 458 2542 641 2610; x_wconf 88' lang='lat' dir='ltr'>mirabundi</span> <span class='ocrx_word' id='word_1_171' title='bbox 663 2544 879 2626; x_wconf 88' lang='lat' dir='ltr'>requirebant.</span> <span class='ocrx_word' id='word_1_172' title='bbox 922 2546 990 2610; x_wconf 86' lang='lat' dir='ltr'>Rex</span> <span class='ocrx_word' id='word_1_173' title='bbox 1014 2567 1086 2612; x_wconf 91' lang='lat' dir='ltr'>cum</span> <span class='ocrx_word' id='word_1_174' title='bbox 1109 2568 1149 2613; x_wconf 85' lang='lat' dir='ltr'>ex</span> <span class='ocrx_word' id='word_1_175' title='bbox 1172 2569 1220 2630; x_wconf 92' lang='grc'>00,</span> <span class='ocrx_word' id='word_1_176' title='bbox 1244 2550 1328 2632; x_wconf 91' lang='lat' dir='ltr'>quod</span> 
     </span>
     <span class='ocr_line' id='line_1_24' title="bbox 289 2647 1345 2739; baseline 0.004 -24"><span class='ocrx_word' id='word_1_177' title='bbox 289 2649 458 2730; x_wconf 89' lang='lat' dir='ltr'>accideret,</span> <span class='ocrx_word' id='word_1_178' title='bbox 487 2647 679 2714; x_wconf 90' lang='lat' dir='ltr'>coniectaret</span> <span class='ocrx_word' id='word_1_179' title='bbox 704 2649 780 2732; x_wconf 72' lang='lat' dir='ltr'>&#39;post</span> <span class='ocrx_word' id='word_1_180' title='bbox 810 2648 887 2714; x_wconf 91' lang='lat' dir='ltr'>solis</span> <span class='ocrx_word' id='word_1_181' title='bbox 917 2656 1020 2716; x_wconf 92' lang='lat' dir='ltr'>ortum</span> <span class='ocrx_word' id='word_1_182' title='bbox 1050 2659 1169 2718; x_wconf 86' lang='lat' dir='ltr'>statum</span> <span class='ocrx_word' id='word_1_183' title='bbox 1202 2659 1345 2739; x_wconf 86' lang='lat' dir='ltr'>tempus</span> 
     </span>
     <span class='ocr_line' id='line_1_25' title="bbox 289 2752 1327 2842; baseline 0.005 -23"><span class='ocrx_word' id='word_1_184' title='bbox 289 2773 369 2835; x_wconf 90' lang='grc'>0220,</span> <span class='ocrx_word' id='word_1_185' title='bbox 401 2752 509 2818; x_wconf 90' lang='lat' dir='ltr'>media</span> <span class='ocrx_word' id='word_1_186' title='bbox 543 2759 646 2833; x_wconf 89' lang='lat' dir='ltr'>nocte,</span> <span class='ocrx_word' id='word_1_187' title='bbox 678 2759 712 2816; x_wconf 91' lang='lat' dir='ltr'>ut</span> <span class='ocrx_word' id='word_1_188' title='bbox 745 2759 867 2817; x_wconf 89' lang='lat' dir='ltr'>aestum</span> <span class='ocrx_word' id='word_1_189' title='bbox 903 2762 1084 2840; x_wconf 89' lang='lat' dir='ltr'>occuparet,</span> <span class='ocrx_word' id='word_1_190' title='bbox 1116 2777 1188 2822; x_wconf 89' lang='lat' dir='ltr'>cum</span> <span class='ocrx_word' id='word_1_191' title='bbox 1218 2759 1327 2842; x_wconf 88' lang='lat' dir='ltr'>paucis</span> 
     </span>
     <span class='ocr_line' id='line_1_26' title="bbox 288 2854 1327 2942; baseline 0.005 -20"><span class='ocrx_word' id='word_1_192' title='bbox 288 2857 425 2940; x_wconf 86' lang='lat' dir='ltr'>navigiis</span> <span class='ocrx_word' id='word_1_193' title='bbox 448 2855 589 2922; x_wconf 89' lang='lat' dir='ltr'>secundo</span> <span class='ocrx_word' id='word_1_194' title='bbox 604 2877 697 2922; x_wconf 90' lang='lat' dir='ltr'>amne</span> <span class='ocrx_word' id='word_1_195' title='bbox 713 2854 857 2922; x_wconf 82' lang='lat' dir='ltr'>defluxit.</span> <span class='ocrx_word' id='word_1_196' title='bbox 882 2859 1086 2942; x_wconf 85' lang='lat' dir='ltr'>Evectusque</span> <span class='ocrx_word' id='word_1_197' title='bbox 1102 2879 1139 2927; x_wconf 89' lang='lat' dir='ltr'>os</span> <span class='ocrx_word' id='word_1_198' title='bbox 1155 2862 1224 2928; x_wconf 91' lang='lat' dir='ltr'>eius</span> <span class='ocrx_word' id='word_1_199' title='bbox 1241 2873 1327 2927; x_wconf 82' lang='lat' dir='ltr'>cccc</span> 
     </span>
     <span class='ocr_line' id='line_1_27' title="bbox 289 2959 1328 3052; baseline 0.008 -26"><span class='ocrx_word' id='word_1_200' title='bbox 289 2961 393 3026; x_wconf 88' lang='lat' dir='ltr'>stadia</span> <span class='ocrx_word' id='word_1_201' title='bbox 414 2959 571 3046; x_wconf 90' lang='lat' dir='ltr'>processit</span> <span class='ocrx_word' id='word_1_202' title='bbox 593 2960 626 3024; x_wconf 89' lang='lat' dir='ltr'>in</span> <span class='ocrx_word' id='word_1_203' title='bbox 649 2981 743 3041; x_wconf 87' lang='lat' dir='ltr'>mare,</span> <span class='ocrx_word' id='word_1_204' title='bbox 767 2960 897 3028; x_wconf 90' lang='lat' dir='ltr'>tandem</span> <span class='ocrx_word' id='word_1_205' title='bbox 915 2963 982 3028; x_wconf 89' lang='lat' dir='ltr'>voti</span> <span class='ocrx_word' id='word_1_206' title='bbox 1005 2963 1055 3029; x_wconf 90' lang='lat' dir='ltr'>sui</span> <span class='ocrx_word' id='word_1_207' title='bbox 1071 2985 1219 3051; x_wconf 90' lang='lat' dir='ltr'>compos:</span> <span class='ocrx_word' id='word_1_208' title='bbox 1243 2988 1328 3052; x_wconf 90' lang='lat' dir='ltr'>prae-</span> 
     </span>
     <span class='ocr_line' id='line_1_28' title="bbox 283 3065 1329 3148; baseline 0.011 -22"><span class='ocrx_word' id='word_1_209' title='bbox 283 3065 475 3148; x_wconf 86' lang='lat' dir='ltr'>sidibusqne</span> <span class='ocrx_word' id='word_1_210' title='bbox 502 3071 534 3130; x_wconf 91' lang='lat' dir='ltr'>et</span> <span class='ocrx_word' id='word_1_211' title='bbox 564 3065 660 3130; x_wconf 90' lang='lat' dir='ltr'>maris</span> <span class='ocrx_word' id='word_1_212' title='bbox 683 3071 715 3130; x_wconf 93' lang='lat' dir='ltr'>et</span> <span class='ocrx_word' id='word_1_213' title='bbox 744 3065 885 3131; x_wconf 91' lang='lat' dir='ltr'>locorum</span> <span class='ocrx_word' id='word_1_214' title='bbox 911 3066 962 3133; x_wconf 91' lang='lat' dir='ltr'>dis</span> <span class='ocrx_word' id='word_1_215' title='bbox 993 3069 1149 3136; x_wconf 89' lang='lat' dir='ltr'>sacrificio</span> <span class='ocrx_word' id='word_1_216' title='bbox 1179 3071 1266 3136; x_wconf 88' lang='lat' dir='ltr'>facto</span> <span class='ocrx_word' id='word_1_217' title='bbox 1289 3073 1329 3137; x_wconf 87' lang='lat' dir='ltr'>ad</span> 
     </span>
     <span class='ocr_line' id='line_1_29' title="bbox 290 3167 559 3235; baseline 0 -1"><span class='ocrx_word' id='word_1_218' title='bbox 290 3170 427 3235; x_wconf 90' lang='lat' dir='ltr'>classem</span> <span class='ocrx_word' id='word_1_219' title='bbox 457 3167 559 3234; x_wconf 87' lang='lat' dir='ltr'>rediit.</span> 
     </span>
    </p>
   </div>
   <div class='ocr_carea' id='block_1_3' title="bbox 750 3363 870 3419">
    <p class='ocr_par' dir='ltr' id='par_1_9' title="bbox 750 3363 870 3419">
     <span class='ocr_line' id='line_1_30' title="bbox 750 3363 870 3419; baseline 0.008 -1"><span class='ocrx_word' id='word_1_220' title='bbox 750 3363 815 3419; x_wconf 74' lang='lat' dir='ltr'>Gar.</span> <span class='ocrx_word' id='word_1_221' title='bbox 838 3365 870 3419; x_wconf 92' lang='lat' dir='ltr'>X.</span> 
     </span>
    </p>
   </div>
   <div class='ocr_carea' id='block_1_4' title="bbox 257 3482 1371 3882">
    <p class='ocr_par' dir='ltr' id='par_1_10' title="bbox 257 3482 1371 3882">
     <span class='ocr_line' id='line_1_31' title="bbox 257 3482 1371 3566; baseline 0.009 -21"><span class='ocrx_word' id='word_1_222' title='bbox 257 3507 269 3554; x_wconf 94' lang='lat'>1</span> <span class='ocrx_word' id='word_1_223' title='bbox 351 3497 353 3504; x_wconf 62' lang='lat'><strong>⁴</strong></span> <span class='ocrx_word' id='word_1_224' title='bbox 394 3482 476 3546; x_wconf 91' lang='lat' dir='ltr'>Hinc</span> <span class='ocrx_word' id='word_1_225' title='bbox 499 3483 668 3549; x_wconf 88' lang='lat' dir='ltr'>adversum</span> <span class='ocrx_word' id='word_1_226' title='bbox 697 3483 815 3549; x_wconf 92' lang='lat' dir='ltr'>flumen</span> <span class='ocrx_word' id='word_1_227' title='bbox 845 3485 931 3551; x_wconf 88' lang='lat' dir='ltr'>subit</span> <span class='ocrx_word' id='word_1_228' title='bbox 954 3487 1065 3552; x_wconf 89' lang='lat' dir='ltr'>classis</span> <span class='ocrx_word' id='word_1_229' title='bbox 1095 3495 1127 3553; x_wconf 89' lang='lat' dir='ltr'>et</span> <span class='ocrx_word' id='word_1_230' title='bbox 1148 3488 1249 3554; x_wconf 89' lang='lat' dir='ltr'>altero</span> <span class='ocrx_word' id='word_1_231' title='bbox 1277 3490 1327 3554; x_wconf 91' lang='lat' dir='ltr'>die</span> <span class='ocrx_word' id='word_1_232' title='bbox 1335 3493 1371 3566; x_wconf 88' lang='lat'>38</span> 
     </span>
     <span class='ocr_line' id='line_1_32' title="bbox 289 3585 1329 3676; baseline 0.008 -26"><span class='ocrx_word' id='word_1_233' title='bbox 289 3586 425 3671; x_wconf 87' lang='lat' dir='ltr'>appulsa</span> <span class='ocrx_word' id='word_1_234' title='bbox 447 3592 496 3652; x_wconf 89' lang='lat' dir='ltr'>est</span> <span class='ocrx_word' id='word_1_235' title='bbox 519 3585 604 3652; x_wconf 93' lang='lat' dir='ltr'>baud</span> <span class='ocrx_word' id='word_1_236' title='bbox 632 3589 739 3672; x_wconf 90' lang='lat' dir='ltr'>procul</span> <span class='ocrx_word' id='word_1_237' title='bbox 764 3589 835 3654; x_wconf 91' lang='lat' dir='ltr'>lacu</span> <span class='ocrx_word' id='word_1_238' title='bbox 857 3591 952 3672; x_wconf 86' lang='lat' dir='ltr'>salse,</span> <span class='ocrx_word' id='word_1_239' title='bbox 976 3591 1066 3656; x_wconf 86' lang='lat' dir='ltr'>cuius</span> <span class='ocrx_word' id='word_1_240' title='bbox 1089 3591 1255 3676; x_wconf 88' lang='lat' dir='ltr'>incognita</span> <span class='ocrx_word' id='word_1_241' title='bbox 1277 3615 1329 3658; x_wconf 89' lang='lat' dir='ltr'>na·</span> 
     </span>
     <span class='ocr_line' id='line_1_33' title="bbox 289 3691 1327 3784; baseline 0.011 -31"><span class='ocrx_word' id='word_1_242' title='bbox 289 3696 360 3754; x_wconf 87' lang='lat' dir='ltr'>tura</span> <span class='ocrx_word' id='word_1_243' title='bbox 382 3691 551 3774; x_wconf 89' lang='lat' dir='ltr'>plerosque</span> <span class='ocrx_word' id='word_1_244' title='bbox 575 3691 710 3776; x_wconf 87' lang='lat' dir='ltr'>decepit,</span> <span class='ocrx_word' id='word_1_245' title='bbox 723 3699 842 3758; x_wconf 88' lang='lat' dir='ltr'>temere</span> <span class='ocrx_word' id='word_1_246' title='bbox 865 3693 1027 3776; x_wconf 87' lang='lat' dir='ltr'>ingressos</span> <span class='ocrx_word' id='word_1_247' title='bbox 1050 3717 1177 3778; x_wconf 91' lang='lat' dir='ltr'>aquam.</span> <span class='ocrx_word' id='word_1_248' title='bbox 1202 3694 1327 3784; x_wconf 82' lang='lat' dir='ltr'>Quippe</span> 
     </span>
     <span class='ocr_line' id='line_1_34' title="bbox 290 3793 1327 3882; baseline 0.011 -24"><span class='ocrx_word' id='word_1_249' title='bbox 290 3793 413 3858; x_wconf 90' lang='lat' dir='ltr'>scabies</span> <span class='ocrx_word' id='word_1_250' title='bbox 441 3815 572 3878; x_wconf 85' lang='lat' dir='ltr'>corpora</span> <span class='ocrx_word' id='word_1_251' title='bbox 605 3793 731 3877; x_wconf 91' lang='lat' dir='ltr'>invasit,</span> <span class='ocrx_word' id='word_1_252' title='bbox 755 3804 786 3862; x_wconf 89' lang='grc'>02</span> <span class='ocrx_word' id='word_1_253' title='bbox 821 3799 1002 3882; x_wconf 85' lang='lat' dir='ltr'>contagium</span> <span class='ocrx_word' id='word_1_254' title='bbox 1035 3801 1136 3865; x_wconf 89' lang='lat' dir='ltr'>morbi</span> <span class='ocrx_word' id='word_1_255' title='bbox 1170 3801 1268 3867; x_wconf 88' lang='lat' dir='ltr'>etiam</span> <span class='ocrx_word' id='word_1_256' title='bbox 1294 3804 1327 3870; x_wconf 93' lang='lat' dir='ltr'>in</span> 
     </span>
    </p>
   </div>
   <div class='ocr_carea' id='block_1_5' title="bbox 0 0 1490 4322">
    <p class='ocr_par' dir='ltr' id='par_1_11' title="bbox 0 0 1490 4322">
     <span class='ocr_line' id='line_1_35' title="bbox 0 0 1490 4322; baseline 0 1"><span class='ocrx_word' id='word_1_257' title='bbox 0 0 1490 4322; x_wconf 95' lang='lat' dir='ltr'> </span> 
     </span>
    </p>
   </div>
  </div>
 </body>
</html>
