3028 4322
380 220 633 277 HISTORIARUM
650 221 865 276 ALEXANDRI
883 222 923 275 III
942 225 965 276 3.
984 225 1008 275 4.
1197 223 1217 286 9

64 451 70 459 ·
179 426 318 492 duceret.
358 427 480 494 Aberat
502 449 540 494 ea
562 430 653 513 regio
677 429 908 512 quinquaginta
931 428 1034 496 stadia
1055 427 1096 493 ab
1118 427 1216 509 aditu,
1236 439 1253 490 2

181 551 243 613 quo
266 530 410 596 Ciliciam
436 533 607 599 intramus:
638 534 736 618 Pylas
759 534 882 598 incolae
912 532 1021 597 dieunt
1042 531 1218 597 artissimas

180 636 300 716 fauces,
331 636 535 722 munimenta,
566 657 647 721 quae
678 658 774 703 mauu
804 637 961 722 ponimus,
993 635 1130 700 naturali
1157 635 1219 700 situ

180 736 351 805 imitantes.
396 740 500 823 Igitur
530 743 692 824 Arsames,
728 742 782 823 qui
815 740 946 806 Ciliciae
979 746 1135 825 praeerat,
1169 759 1252 808 re-3
1333 793 1335 810 .

180 849 306 928 putans,
346 845 423 926 quid
455 845 545 912 initio
582 847 661 912 belli
695 847 821 911 Memno
856 845 1019 928 suasisset,
1058 843 1221 927 quondam

181 947 310 1012 salubre
344 949 511 1014 consilium
546 969 618 1016 sero
655 950 772 1032 exequi
809 949 935 1014 statuit:
972 947 1040 1031 igni
1074 948 1221 1029 ferroque

183 1049 329 1116 Ciliciam
359 1059 472 1135 vastat,
504 1060 539 1118 ut
569 1053 655 1118 hosti
686 1052 890 1119 solitudinem
920 1052 1035 1117 faciat:
1071 1050 1221 1133 quicquid

181 1154 254 1219 usui
283 1161 389 1238 potest
419 1177 498 1242 esse,
532 1157 714 1241 corrumpit,
751 1157 859 1222 sterile
888 1175 927 1221 ac
957 1155 1078 1220 nudum
1108 1154 1220 1234 solum,

183 1258 269 1342 quod
290 1260 371 1325 tueri
393 1261 554 1344 nequibat,
586 1261 762 1326 relicturus.
810 1260 876 1326 Sed
897 1262 994 1344 longe
1017 1258 1126 1323 utilius
1149 1258 1217 1339 tuit,
1239 1280 1256 1328 4

182 1363 347 1446 angustias
376 1364 492 1447 aditus,
525 1365 579 1448 qui
609 1363 754 1430 Ciliciam
783 1364 896 1450 aperit,
927 1362 1035 1428 valido
1065 1381 1222 1447 occupare

183 1467 343 1552 praesidio
376 1468 550 1551 iugumque
583 1477 761 1555 opportune
798 1468 903 1534 itineri
941 1467 1111 1532 imminens
1145 1467 1223 1532 obti-

184 1591 268 1653 nere,
306 1572 392 1638 unde
425 1573 561 1665 inultus.
580 1575 770 1640 subeuntem
806 1572 931 1638 hostem
964 1578 1019 1637 aut
1052 1570 1223 1656 prohibere

184 1682 240 1739 aut
262 1676 440 1760 opprimere
464 1678 627 1762 potuisset
667 1677 762 1743 Nunc
776 1677 897 1762 paucis,
916 1675 969 1759 qui
986 1674 1119 1740 callibus
1134 1693 1223 1759 prae·
1241 1695 1256 1746 5
1358 1677 1371 1690 '

185 1779 334 1862 siderent,
366 1781 486 1848 relictis
509 1789 592 1848 retro
618 1783 688 1868 ipse
718 1781 886 1864 concessit,
917 1781 1089 1865 populator
1110 1785 1222 1859 terrae,

186 1902 282 1964 quam
299 1905 335 1948 »a
368 1886 624 1970 populationibus
657 1885 820 1952 vindicare
855 1884 1002 1950 debebat.
1050 1883 1135 1966 Ergo
1170 1883 1224 1966 qui

185 1987 290 2052 relicti
319 1995 417 2070 erant,
452 1989 596 2073 proditos
619 2010 654 2055 se
683 1989 754 2070 rati,
784 2009 825 2054 ne
856 1995 1063 2073 conspectum
1093 1986 1224 2068 quidem

189 2092 289 2158 bostis
322 2093 478 2177 sustinere
511 2095 688 2180 valuerunt,
725 2114 797 2159 cum
834 2093 887 2159 vel
920 2092 1086 2178 pauciores
1120 2091 1226 2157 locum

135 2195 174 2266 10
190 2196 332 2262 obtinere
368 2197 553 2280 potuissent.
614 2199 761 2280 Namque
798 2203 951 2282 perpetuo
997 2197 1082 2280 iugo,
1109 2196 1261 2266 montisc

188 2300 294 2385 asperi
316 2321 355 2365 ac
377 2301 541 2387 praerupti
559 2301 672 2367 Cilicia
694 2300 883 2366 includitur:
909 2300 994 2383 quod
1017 2321 1089 2364 cum
1112 2299 1227 2363 amari

188 2411 344 2486 assurgat,
377 2405 464 2470 velut
487 2405 557 2470 sinu
588 2405 726 2488 quodam
748 2404 897 2487 flexuque
919 2410 1094 2484 curvatum,
1119 2421 1227 2468 rursus

189 2507 291 2572 altero
314 2528 412 2574 comu
441 2509 474 2574 in
504 2506 665 2575 diversum
694 2510 769 2575 litus
796 2509 942 2574 excurrit.
989 2510 1050 2574 Per
1072 2508 1133 2572 hoc
1156 2506 1259 2576 dor-7

190 2631 270 2692 sum,
308 2633 370 2694 qua
407 2614 544 2680 maxime
582 2615 737 2680 introrsus
774 2615 853 2678 mari
886 2614 979 2694 cedit,
1018 2611 1125 2698 asperi
1162 2619 1227 2676 tres

189 2715 295 2783 aditus
319 2725 350 2784 et
372 2719 558 2802 perangusti
582 2726 664 2804 sunt,
698 2739 831 2801 quorum
853 2739 916 2784 uno
940 2717 1052 2783 Cilicia
1080 2715 1228 2780 intranda

191 2828 248 2886 est.
296 2822 490 2908 Campestris
514 2824 635 2906 eadem,
662 2845 725 2906 qua
746 2823 852 2906 vergit
876 2822 918 2888 ad
941 2843 1039 2899 mare,
1063 2821 1227 2906 planitiem

192 2927 259 2991 eius
283 2927 402 2993 crebris
425 2928 694 3012 distinguentibus
724 2929 818 2994 rivis:
849 2929 1006 3012 Pyramus
1031 2933 1062 2990 et
1085 2925 1226 3009 Cydnus,

191 3029 291 3096 incliti
312 3050 432 3113 amneS,
456 3031 567 3098 fluunt.
614 3033 747 3116 Cydnus
769 3053 833 3096 non
856 3031 958 3116 spatio
982 3051 1145 3114 aquarum,
1170 3028 1228 3094 sed
1247 3045 1263 3096 8

192 3135 314 3217 liquore
337 3137 569 3202 memorabilis:
602 3137 720 3224 quippe
750 3137 815 3202 leni
844 3142 947 3200 tractu
978 3134 1159 3200 efontibus
1185 3134 1229 3198 la-

193 3239 271 3306 bens
294 3260 373 3324 puro
404 3243 471 3306 solo
502 3241 665 3326 excipitur,
696 3261 756 3306 nec
786 3246 940 3305 torrentes
970 3240 1142 3320 incurrunt,
1175 3238 1229 3320 qui

193 3343 318 3430 placide
351 3345 510 3411 manantis
543 3346 668 3412 alveum
697 3348 832 3411 turbent.
880 3343 992 3424 Itaque
1026 3343 1264 3424 incorruptus9

194 3447 341 3532 idemque
373 3449 609 3533 frigidissimus,
641 3451 759 3535 quippe
790 3450 891 3514 multa
920 3448 1060 3532 riparum
1094 3447 1232 3511 amoeni-

194 3559 259 3618 tate
288 3553 493 3635 inumbratos,
525 3555 642 3635 ubique
672 3553 812 3619 fontibus
844 3553 908 3618 suis
939 3552 1051 3618 similis
1082 3553 1114 3616 in
1144 3572 1231 3616 mare

196 3657 313 3724 evadit.
359 3659 458 3723 Multa
487 3659 520 3723 in
551 3679 591 3724 ea
618 3658 749 3742 regione
779 3664 982 3722 monumenta
1011 3655 1144 3739 vulgata
1167 3676 1232 3720 car·
1252 3671 1284 3720 10

196 3763 333 3828 minibus
367 3770 508 3828 vetustas
539 3761 701 3828 exederat.
747 3761 1003 3826 Monstrabantur
1031 3759 1156 3826 urbium
1186 3779 1232 3824 se-

198 3867 254 3932 des
284 3866 438 3951 Lymessi
466 3867 662 3948 etThebes,
698 3866 863 3950 Typhonis
898 3885 1024 3948 quoque
1055 3881 1169 3950 specus
1200 3870 1232 3928 et
