2970 4322
255 197 319 260 310
642 199 672 264 o.
692 197 798 251 ouum
818 197 904 250 111111

255 402 354 483 veriti,
390 425 429 466 ne
453 411 572 468 temere
595 403 845 468 commilitonum
876 403 970 468 tidem
996 404 1192 481 damnarem,
1224 403 1294 467 snb-

256 507 375 585 stitere,
395 508 594 591 praeparatis
616 507 659 572 ad
689 507 900 572 dimicandum
923 507 1047 586 animis,
1085 508 1111 571 si
1135 506 1207 588 quis
1229 505 1294 568 vim

255 611 391 676 inferret.
440 613 507 675 Iam
537 612 667 688 agmina
697 612 830 692 coibant,
867 629 1063 696 parvumque
1094 610 1294 674 intervallum

207 727 236 774 ro
257 721 333 793 crat,
368 715 453 797 quod
475 717 577 780 aciem
602 723 769 798 utramque
793 715 956 780 divideret.
1004 715 1118 796 Itaque
1141 735 1197 779 rex
1221 733 1293 778 eum

255 839 317 882 una
340 819 391 884 ala
414 820 597 903 obequitare
616 821 776 905 peditibus
799 821 913 903 coepit,
938 818 1117 882 discordiae
1136 825 1295 901 auctores

256 943 336 1006 quos
352 925 433 989 tueri
456 926 525 1008 ipse
541 927 687 1006 debebat,
712 926 861 990 instinctu
878 923 1050 988 Perdiccae
1073 922 1116 986 ad
1139 922 1294 1007 supplicia

255 1029 447 1112 deposcens:
481 1030 722 1112 minabaturque
746 1049 853 1094 omnes
877 1037 996 1092 tunnas
1020 1047 1091 1091 eum
1115 1025 1293 1110 elephantis

206 1143 236 1191 11
256 1132 457 1198 inducturum
481 1155 515 1198 00
538 1134 569 1198 111
592 1141 783 1200 recusantes.
813 1133 991 1216 Stupebant
1012 1132 1185 1219 improviso
1209 1131 1294 1195 malo

255 1237 388 1321 pedites,
417 1259 476 1304 nec
499 1237 570 1324 plus
593 1239 624 1302 in
647 1239 717 1322 ipso
740 1239 901 1320 Meleagro
925 1246 992 1302 erat
1015 1244 1069 1302 aut
1093 1236 1215 1301 consilii
1237 1242 1294 1299 aut

256 1342 363 1405 animi.
408 1342 615 1408 Tutissimum
637 1365 676 1407 ex
699 1343 920 1428 praesentibus
936 1342 1103 1407 videbatur
1122 1348 1293 1427 expectare

206 1454 237 1503 18
255 1446 362 1529 potius
386 1466 481 1527 quam
506 1466 633 1511 movere
656 1447 825 1511 fortunam.
871 1447 954 1510 Tum
977 1447 1140 1526 Perdicca,
1173 1453 1208 1509 ut
1232 1452 1293 1508 tor-

256 1557 367 1632 pentes
401 1559 433 1614 et
474 1550 628 1614 obnoxios
661 1551 748 1623 vidit,
785 1561 850 1615 000
883 1551 960 1631 1010,
1005 1551 1059 1632 qui
1092 1551 1293 1632 Meleagrum

256 1661 474 1740 erumpentem
505 1676 545 1719 ex
575 1655 730 1735 contione,
762 1676 845 1737 quae
876 1655 978 1739 prima
1006 1654 1116 1718 habita
1140 1662 1189 1718 est
1218 1663 1293 1738 post

256 1766 386 1823 mortem
411 1758 592 1839 Alexandri,
618 1761 716 1823 secuti
741 1765 840 1837 erant,
871 1759 1032 1823 aectoris
1054 1759 1207 1824 discretos
1231 1759 1293 1823 ele-

255 1862 382 1946 phantis
405 1863 435 1928 in
459 1870 631 1947 conspectu
654 1863 751 1927 totius
775 1864 932 1929 exercitus
956 1863 1062 1927 obicit.
1109 1862 1293 1944 Omnesque

254 1967 421 2031 beluarum
451 1966 587 2051 pedibus
611 1966 717 2030 obtriti
749 1975 821 2034 sunt
850 1987 909 2030 nec
931 1967 1119 2051 prohibente
1142 1966 1292 2051 Philippo

204 2081 312 2136 191100
343 2080 489 2136 auctore:
524 2071 765 2156 apparebatque
796 2071 829 2135 id
856 2071 950 2136 modo
980 2091 1038 2156 pro
1066 2091 1122 2135 suo
1152 2070 1290 2135 vindiea-

254 2183 369 2252 turum,
385 2176 471 2256 quod
487 2176 697 2260 approbasset
713 2183 855 2241 eventus,
894 2177 963 2240 Hoc
980 2175 1134 2240 bellorum
1150 2176 1292 2240 civilium

203 2290 236 2338 20
254 2280 483 2346 Macedonibus
507 2289 538 2345 01
561 2301 652 2344 omen
676 2289 707 2344 01
730 2281 922 2365 principium
938 2280 1006 2344 fuit.
1042 2279 1292 2362 Meleagersero

255 2385 416 2449 intellecta
449 2385 561 2449 fraude
596 2384 769 2449 Perdiccae
803 2392 870 2448 tum
904 2385 1041 2466 quidem,
1082 2385 1156 2466 quia
1190 2386 1292 2469 ipsius

255 2486 380 2574 corpori
402 2490 451 2554 vis
484 2509 547 2553 non
577 2490 781 2567 afferebatur,
816 2491 848 2553 in
868 2489 998 2572 agmine
1028 2490 1156 2572 quietus
1187 2491 1291 2554 stetit:

202 2590 308 2679 21101]
334 2613 407 2656 mox
431 2593 581 2656 damnata
605 2614 662 2676 spe
686 2594 808 2675 salutis,
846 2615 919 2658 oum
943 2593 1172 2674 01101010100,
1198 2615 1292 2676 quern

255 2699 325 2782 ipse
348 2697 470 2761 fecerat
493 2717 612 2778 regem,
646 2698 677 2760 in
702 2697 874 2781 perniciem
898 2699 946 2762 0111
978 2699 1146 2762 abutentes
1169 2698 1293 2764 videret

254 2801 410 2882 inimicos,
436 2801 583 2882 confugit
614 2801 645 2864 in
669 2802 821 2885 templum
845 2822 892 2881 ac,
916 2824 955 2866 ne
986 2802 1046 2867 loci
1069 2801 1196 2884 quidem
1224 2803 1291 2867 reli-
1468 2771 1469 2829 1

254 2906 349 2988 gione
373 2905 532 2985 defensus,
559 2905 723 2970 occiditur.
1467 2891 1468 2965 l

716 3098 781 3150 oin.
801 3098 832 3150 X.

221 3230 233 3280 1
359 3217 511 3281 Perdicca
548 3218 702 3301 perducto
736 3219 768 3281 in
801 3218 910 3282 urbem
947 3219 1089 3282 exercitu
1122 3215 1346 3286 consilium3ll

257 3323 433 3408 principum
457 3321 597 3385 virorum
627 3321 745 3402 habuit,
778 3323 809 3386 in
834 3343 895 3405 quo
919 3323 1087 3406 imperium
1119 3324 1162 3387 ita
1192 3322 1292 3388 dividi

255 3426 382 3510 placuit,
408 3433 443 3489 111
465 3446 521 3489 rex
545 3425 674 3514 quidem
692 3447 846 3490 summam
870 3428 939 3491 eius
956 3427 1122 3507 obtineret,
1147 3434 1293 3510 satrapes

255 3531 458 3595 Ptolomaeus
483 3530 622 3613 Aegypti
653 3541 727 3593 esset
757 3538 787 3594 et
811 3531 940 3595 Africae
971 3531 1123 3613 gentium,
1154 3533 1292 3613 quaein

221 3631 379 3698 edicione
410 3641 508 3698 erant.
555 3634 764 3697 Laomedonti
795 3635 890 3717 Syria
924 3655 995 3699 oum
1024 3635 1184 3699 Phoenice
1219 3634 1294 3700 data

255 3747 313 3816 001,
347 3737 489 3801 Philotae
515 3735 628 3801 Cilicia
651 3735 817 3818 destinata,
848 3739 981 3821 Lyciam
1005 3759 1077 3802 cum
1101 3739 1294 3822 Pamphylia

256 3849 287 3906 et
311 3837 430 3902 maiore
446 3840 589 3923 Phrygia
613 3842 754 3905 obtinere
777 3842 884 3908 iussus
901 3843 1091 3924 Antigonus,
1118 3845 1147 3906 in
1165 3843 1293 3910 Cariam
