3040 4318
289 217 351 284 122
674 219 704 285 a.
724 219 833 273 cunm
851 219 938 273 son
1033 252 1035 255 -

287 425 367 510 quit,
394 424 553 510 ‘quisquis
575 445 606 488 es
628 424 829 507 mortalium,
852 445 916 510 per
937 446 1135 498 communem
1161 426 1326 489 lominum

286 538 411 610 sortem,
436 552 457 592 a
480 551 546 614 qua
569 551 626 593 nec
648 529 812 592 manimos
833 515 945 615 reyum
968 538 1125 620 inemptos
1147 551 1208 594 esse
1225 553 1325 615 prae-

286 633 367 696 senti
399 631 578 718 spectaculo
608 633 755 714 moneris,
789 655 863 719 royo
892 649 1079 718 quaesoque,
1113 643 1150 697 ut
1178 635 1258 698 haec
1281 635 1328 698 ad

286 735 516 801 Alenandrum
540 738 702 801 mandata
719 760 790 801 mea
806 736 979 822 perferas:
1001 737 1087 802 nileil
1101 759 1220 819 eorum,
1244 761 1328 823 quae

288 839 374 926 lonye
397 841 585 904 tristissima
602 863 770 925 perpessus
792 862 874 922 sum,
896 864 935 905 ne
958 842 1043 905 nanc
1061 841 1192 927 quidem
1207 842 1326 906 incom-

198 963 202 970 ·
281 944 452 1029 parabilis
475 944 681 1008 calamitatis
703 945 827 1008 ercitum
842 946 891 1008 ita
911 968 1046 1031 yraoem
1062 946 1145 1008 milti
1161 947 1328 1028 accidisse,

286 1058 323 1112 ut
340 1049 406 1112 ΙΙιοο
428 1070 543 1130 unum,
574 1050 658 1134 quod
674 1059 747 1136 post
776 1059 870 1112 tanta
901 1050 937 1113 in
966 1072 1015 1114 me
1045 1072 1188 1135 meosque
1212 1051 1328 1114 merita

289 1153 443 1216 aduersus
459 1151 738 1216 clementissimum
755 1153 905 1232 uictorem
922 1153 1058 1218 inimico
1073 1154 1246 1217 uiuendum
1253 1153 1330 1240 fuit

287 1265 316 1320 et
339 1277 425 1320 nunc
448 1257 577 1342 inyrato
592 1257 795 1320 moriendum
811 1267 864 1320 est.
899 1255 964 1322 Sed
980 1293 1022 1304 —
1038 1258 1067 1320 si
1082 1279 1149 1342 qua
1157 1258 1329 1342 postremis

272 1361 477 1430 ,miserorum
500 1361 580 1424 votis
603 1361 692 1446 apud
723 1361 795 1425 deos
817 1362 866 1425 ais
888 1371 941 1442 est,
973 1371 1002 1425 et
1024 1385 1098 1425 eum
1121 1362 1189 1446 ipso
1211 1362 1330 1446 spiritu

225 1491 228 1496 ·
279 1463 440 1550 profusas
455 1487 568 1550 preces
591 1465 704 1528 mitius
734 1465 868 1550 aliquod
898 1489 1019 1530 numen
1048 1466 1185 1542 eaaudit
1207 1465 1328 1540 —2ille

287 1569 430 1654 quidem,
461 1591 561 1654 sospes
583 1579 619 1647 ,et
649 1569 820 1633 incolumis
850 1569 998 1656 lonyeyue
1028 1593 1128 1655 supra
1144 1571 1327 1656 contayium

288 1688 377 1736 meae
401 1674 494 1736 sortis
518 1684 546 1736 et
560 1673 734 1750 ¹invidiam
759 1674 919 1758 fortunae
935 1674 1070 1759 positus,
1091 1674 1127 1737 in
1148 1673 1225 1738 solio
1250 1671 1329 1761 Cyri

287 1777 463 1862 yloriosam
487 1787 625 1841 aetatem
651 1778 761 1863 erriyat
790 1773 929 1863 suaeque
959 1779 1090 1842 uirtutis
1111 1801 1232 1843 memor
1254 1802 1327 1843 eum

288 1881 392 1944 matri
414 1881 583 1966 liberisque
606 1873 686 1946 meis
702 1881 806 1959 locum
824 1883 913 1967 apud
927 1904 958 1946 se
974 1905 1036 1946 esse
1044 1883 1210 1968 patiatur,
1234 1906 1326 1968 quem

287 1986 340 2050 illi
354 1985 425 2068 fide
448 1995 477 2049 et
500 1986 644 2071 obsequio
659 1987 844 2064 meruerint.
881 1983 926 2065 At
933 1987 1130 2071 parricidas
1137 1998 1325 2073 promptum

287 2091 426 2154 enitium
450 2099 671 2175 consequatur,
699 2091 783 2175 quod
806 2089 996 2154 Aleaander
1018 2091 1184 2177 irroyalit,
1212 2093 1242 2156 si
1262 2115 1326 2156 non

221 2251 223 2257 Α
285 2195 512 2258 misericordia
535 2193 682 2279 infelicis
704 2195 809 2276 hostis,
841 2194 954 2258 saltem
978 2195 1050 2259 odio
1064 2194 1274 2280 facinorum,
1298 2207 1326 2260 et

282 2321 324 2364 ne
348 2298 512 2383 impunita
536 2298 572 2361 in
602 2297 743 2361 aliorum
774 2298 874 2362 etiarn
904 2320 1201 2384 reyum-suumque
1224 2299 1326 2385 ipsius

287 2401 426 2465 anitium
449 2403 639 2487 erumpant?
678 2402 754 2466 Post
775 2403 864 2484 leaeo,
900 2425 974 2466 eum
996 2403 1053 2466 siti
1071 2413 1250 2488 anyeretur,
1274 2404 1323 2468 al-

225 2528 228 2532 ·
285 2505 355 2570 lata
375 2529 434 2592 per
449 2505 668 2592 Polystratum
693 2528 782 2591 aqua
804 2516 977 2588 recreatus,
997 2507 1122 2592 ‘Eryo’,
1146 2508 1205 2590 ait,
1225 2509 1323 2572 ‘hanc

284 2611 385 2674 etiam
408 2611 508 2674 tantis
531 2609 778 2688 calamitatibus
800 2620 979 2674 entremam
1002 2612 1151 2692 accedere
1175 2612 1322 2696 oportuit,

285 2724 320 2778 at
343 2715 416 2778 lene
439 2714 557 2793 merito
579 2715 728 2799 yratiam
750 2713 872 2799 referre
895 2737 958 2778 non
973 2715 1115 2800 possim:
1151 2725 1186 2778 at
1206 2715 1324 2800 referet

287 2816 486 2900 Aleaander,
516 2817 706 2882 Alenandro
728 2841 800 2882 vero
823 2819 879 2882 di’
923 2819 1088 2882 Dea-tram
1115 2819 1229 2900 deinde
1245 2843 1321 2904 pro-

288 2923 389 2986 tendit
404 2945 537 3008 eamque
554 2920 836 3004 Aleuandrofldei
850 2923 958 3009 reyiae
966 2923 1089 3008 piynus
1103 2922 1198 3008 ferri
1213 2924 1324 2988 iubens

286 3027 482 3112 apprehensa
495 3027 672 3112 Polystrati
687 3049 790 3107 manu
806 3028 957 3109 animam
969 3027 1111 3112 efflauit.
1135 3024 1323 3093 Aleaander

285 3153 330 3194 an
352 3131 494 3216 spiranti
517 3131 625 3194 adhuc
641 3131 865 3216 supervenerit,
889 3131 1048 3195 incertum
1064 3119 1235 3211 est:illud
1250 3153 1320 3210 con-

285 3245 359 3318 stat,
375 3235 558 3313 miserabili
572 3237 656 3322 reyis
665 3235 897 3321 opulentissimi
905 3237 995 3300 onitu
1010 3246 1170 3322 comperto·
1181 3237 1323 3322 copiosas

286 3338 457 3417 lacrimas,
461 3339 650 3425 profudisse
671 3340 853 3425 ¹statimque
884 3340 1054 3426 chlamyde
1083 3341 1146 3405 sibi
1175 3341 1321 3406 detrecto

284 3465 397 3528 corpus
418 3445 575 3528 operuisse
598 3453 626 3508 et
648 3467 775 3530 mayno¹
796 3467 869 3507 cum
899 3445 1013 3524 lemare
1037 3445 1082 3509 ad
1104 3466 1175 3509 suos
1197 3444 1322 3530 deferri

285 3547 421 3629 iussisse,
448 3557 496 3628 ut,
519 3547 606 3634 reyio
629 3548 806 3612 Persarum
826 3571 911 3612 more
936 3558 1096 3629 curatum,
1109 3549 1322 3628 monumentis

284 3650 459 3731 maiorum
471 3650 660 3736 inferretur.
677 3679 680 3684 ·
706 3652 980 3738 Inyratitudinem
1001 3652 1180 3734 lominum,
1204 3675 1225 3716 a
1242 3651 1322 3737 ¹quis

277 3775 339 3838 'pro
361 3754 501 3836 summis
519 3754 679 3836 beneflciis
709 3755 836 3835 crudele
854 3756 1003 3837 ⁸contium
1025 3755 1159 3836 Dareus
1173 3755 1320 3841 pertulit,

283 3878 486 3942 quamquam
520 3868 625 3943 suopte
655 3859 782 3944 inpenio
812 3860 1008 3941 horrendam
1037 3869 1066 3925 et
1095 3858 1320 3940 coeonobium,
