2976 4322
288 209 350 274 164
676 212 706 278 Q.
729 211 837 266 CURTI
855 210 943 264 RUFI

251 415 389 480 7fuerat
427 423 611 500 exemptus:
649 423 715 482 tum
753 435 879 500 quoque
916 415 1076 501 Antipatri
1114 415 1216 482 soceri
1253 415 1322 480 eius

284 540 396 604 preces
418 521 535 585 iustam
557 521 642 604 regis
673 521 753 586 iram
782 521 995 586 morabantur.
1043 519 1194 586 Ceterum
1216 539 1320 585 recru-

285 623 353 689 duit
375 632 568 710 suppuratus
588 625 687 706 dolor,
718 625 838 711 quippe
853 625 969 692 veteris
984 625 1119 710 perieuli
1137 625 1322 692 memoriam

249 729 459 813 epraesentis
482 749 558 796 cura
580 729 762 796 renovabat.
798 729 901 813 Igitur
915 729 1099 795 Alexander
1122 750 1162 795 ex
1178 728 1323 795 custodia

284 833 429 900 educitur
449 835 617 920 iussusque
641 835 756 922 dicere,
780 857 973 920 quamquam
988 843 1053 902 toto
1069 835 1206 902 triennio
1225 835 1321 901 medi-

283 945 367 1004 tatus
401 947 469 1006 erat
502 940 728 1022 defensionem,
766 948 876 1006 tamen
908 941 1073 1007 haesitans
1107 948 1140 1006 et
1176 939 1320 1025 trepidus

280 1063 387 1131 pauca
410 1066 450 1110 ex
472 1045 532 1126 his,
563 1066 645 1129 quae
673 1053 903 1130 composuerat,
928 1047 1066 1130 protulit,
1100 1045 1142 1111 ad
1173 1045 1320 1110 ultimum

282 1167 347 1212 non
379 1150 532 1214 memoria
565 1150 677 1232 solum,
716 1149 773 1216 sed
807 1150 903 1215 etiam
937 1170 1026 1216 mens
1061 1170 1134 1216 eum
1167 1149 1318 1216 destituit.

248 1256 264 1307 9
282 1252 370 1316 Nulli
393 1261 461 1318 erat
483 1253 622 1335 dubium,
647 1254 723 1336 quin
747 1253 913 1339 trepidatio
936 1254 1151 1320 eonscientiae
1165 1253 1319 1320 indicium

283 1364 375 1438 esset,
388 1379 451 1423 non
463 1359 633 1423 memoriae
646 1359 764 1424 vitium.
782 1358 895 1441 Itaque
907 1379 947 1422 ex
958 1358 1018 1440 his,
1032 1359 1085 1442 qui
1101 1358 1236 1444 proximi
1248 1357 1320 1423 asti-

281 1467 394 1543 terant,
426 1461 641 1528 obluctantem
663 1462 768 1528 adhuc
788 1462 940 1544 oblivioni
962 1462 1083 1528 lanceis
1099 1461 1317 1528 confoderunt.

231 1580 264 1630 10
385 1567 482 1632 Cuius
516 1588 647 1653 corpore
681 1567 787 1633 ablato
817 1588 873 1633 rex
899 1567 1056 1634 introduci
1084 1567 1176 1632 iussit
1197 1552 1350 1650 Amyn-2

281 1678 346 1737 tam
380 1679 412 1737 11
446 1671 624 1737 Simmiam:
653 1694 727 1737 nam
761 1671 922 1753 Polemon,
957 1672 1103 1736 minimus
1141 1691 1182 1736 ex
1219 1669 1318 1735 fratri·

281 1776 350 1857 bus,
392 1797 464 1842 oum
508 1775 655 1842 Philotan
697 1776 837 1859 torqueri
882 1777 1096 1862 comperisset,
1119 1775 1315 1863 profugerat.

231 1893 261 1942 11
281 1880 430 1946 Omnium
463 1881 609 1946 Philotae
642 1882 815 1947 amicorum
848 1881 881 1945 hi
914 1881 1068 1947 carissimi
1102 1880 1235 1961 fuerant,
1275 1878 1317 1945 ad

280 2006 399 2069 magna
421 1993 453 2051 et
475 1985 630 2051 honorata
644 1986 819 2052 ministeria
834 1986 918 2052 illius
933 1985 1071 2051 maxime
1087 1985 1316 2068 suffragatione

280 2089 441 2175 producti:
472 2091 722 2174 memineratque
744 2111 809 2173 rex,
838 2111 958 2156 summo
981 2090 1086 2156 studio
1116 2090 1157 2155 ab
1183 2109 1220 2156 eo
1245 2110 1317 2156 con-

281 2197 403 2262 ciliatos
426 2195 495 2277 sibi,
519 2217 578 2262 nec
609 2196 776 2261 dubitabat
798 2194 892 2261 huius
916 2215 1042 2279 quoque
1068 2195 1170 2259 ultimi
1193 2194 1316 2260 consilii

230 2319 261 2368 12
279 2301 378 2367 fuisse
401 2301 580 2386 participes.
604 2301 715 2385 Igitur,
739 2302 814 2366 olim
840 2301 899 2366 sibi
923 2319 993 2366 esse
1020 2307 1184 2385 suspectos
1207 2299 1316 2365 matris

280 2427 358 2474 suae
381 2407 502 2488 litteris,
527 2407 640 2489 quibus
664 2413 749 2472 esset
771 2405 960 2486 admonitus,
987 2411 1022 2470 ut
1044 2405 1085 2470 ab
1109 2405 1157 2470 his
1181 2405 1316 2470 salutem

279 2533 368 2577 suam
390 2519 540 2593 tueretur,
553 2511 762 2596 querebatur:
786 2517 925 2575 ceterum
948 2529 992 2590 se,
1006 2508 1142 2574 invitum
1157 2508 1316 2573 deteriora

279 2616 471 2698 credentem,
483 2636 567 2682 nune
582 2615 758 2680 manifestis
773 2614 897 2680 indiciis
912 2614 1030 2679 vietum
1046 2613 1176 2678 iussisse
1191 2612 1312 2678 vinciri.

228 2734 259 2785 13
277 2721 361 2786 Nam
384 2720 485 2805 pridie
518 2741 614 2802 qnam
637 2719 839 2803 detegeretur
861 2717 1008 2783 Philotae
1032 2716 1146 2796 scelus,
1180 2717 1257 2800 quin
1280 2716 1313 2780 in

278 2831 402 2890 secreto
424 2844 496 2890 cnm
519 2843 557 2890 eo
586 2825 730 2905 fuissent,
761 2843 824 2888 non
841 2839 949 2908 ¹posse
976 2821 1121 2887 dubitari.
1168 2821 1313 2886 Fratrem

278 2951 362 3012 vero,
388 2930 440 3013 qui
463 2929 647 3015 profugerit,
680 2949 752 2994 cum
775 2927 815 2994 de
838 2927 965 2994 Philota
995 2933 1208 3011 quaereretur,
1240 2946 1313 3011 ape-

228 3035 379 3100 inruisse
412 3034 510 3118 fugae
544 3055 682 3100 causam.
746 3033 856 3118 Nuper
889 3039 1015 3118 praeter
1049 3029 1313 3096 consuetudinem

278 3139 375 3203 officii
405 3139 520 3224 specie,
548 3138 661 3203 amotis
683 3138 810 3220 longius
841 3136 962 3217 ceteris,
993 3134 1172 3201 admovisse
1201 3140 1312 3200 semet·

277 3243 363 3328 ipsos
387 3243 478 3308 lateri
501 3263 566 3324 suo,
590 3242 678 3306 nulla
700 3241 857 3326 probabili
881 3261 994 3306 causa:
1014 3259 1113 3323 seque
1137 3239 1312 3318 mirantem,
1379 3263 1383 3274 ·

278 3347 364 3430 quod
397 3369 460 3413 non
492 3349 563 3413 vice
597 3368 656 3413 sua
688 3347 745 3412 tali
777 3345 987 3429 fungerentur
1020 3343 1136 3424 officio,
1175 3351 1207 3409 et
1243 3343 1314 3428 ipsa

277 3452 488 3537 trepidatione
522 3473 631 3517 eorum
666 3451 866 3537 perterritum
900 3458 1026 3516 strenue
1056 3447 1099 3514 ad
1128 3447 1312 3530 armigeros,

227 3555 332 3639 loqui
355 3556 490 3640 proximi
513 3557 737 3639 sequebantur,
760 3555 940 3620 recessisse.
980 3553 1032 3617 Ad
1050 3552 1132 3618 haec
1147 3550 1311 3631 accedere,

279 3660 372 3743 quod,
408 3682 480 3726 cum
510 3659 720 3746 Antiphanes,
752 3660 857 3726 scriba
887 3658 1037 3742 equitum,
1068 3657 1228 3740 Amyntae
1263 3654 1314 3720 de-

278 3765 462 3845 nuntiasset,
497 3765 600 3849 pridie
635 3785 731 3847 quam
760 3763 908 3828 Philotae
941 3763 1046 3828 scelus
1080 3760 1313 3846 deprehensum

278 3877 370 3951 esset,
406 3877 441 3933 ut
475 3889 515 3934 ex
549 3869 615 3934 suis
654 3867 743 3951 equis
781 3887 868 3933 more
906 3867 998 3932 solito
1036 3865 1125 3930 daret
1163 3863 1219 3944 his,
1258 3862 1310 3945 qui
