2970 4322
370 235 376 244 '
398 257 647 310 nrsnonmnnm
665 258 880 310 rlcnxnnnm
899 257 923 307 x
941 257 965 306 a
985 259 1009 307 o.
1125 281 1127 283 -
1154 257 1217 319 309

182 463 227 526 dit
258 463 384 540 mundo,
408 483 479 526 oum
507 463 574 528 sine
598 483 655 528 suo
683 463 785 548 capite
816 463 974 528 discordia
1001 463 1141 526 membra
1163 469 1220 526 tre-

183 566 334 650 pidarent.
360 566 444 643 Quot
462 567 515 631 ille
531 573 598 631 tum
622 567 756 632 extinxit
775 569 870 648 iaces
895 575 971 649 quot
996 565 1138 631 condidit
1154 567 1221 648 gla'-
1239 579 1254 627 5

182 671 262 753 dios,
294 679 457 753 quantam¹
473 679 697 756 tempestatem
728 673 833 737 subita
862 672 1032 736 serenitate
1055 671 1217 736 discussit!

181 775 253 839 Non
270 796 345 857 ergo
361 772 525 840 revirescit
541 777 653 855 solum,
671 775 729 840 sed
745 775 840 864 etiam
855 774 946 839 floret
960 775 1133 859 imperium.
1159 775 1219 839 Ab·
1239 787 1254 836 6

182 880 222 943 sit
244 879 338 944 modo
353 879 484 962 invidia,
504 881 642 970 excipiet
664 880 757 945 huius
778 879 898 945 saeculi
917 886 1058 964 tempora
1078 879 1220 944 eiusdem

181 983 292 1047 domus
316 985 435 1049 utinam
459 992 619 1070 perpetua,
646 991 729 1064 certe
752 984 901 1049 diuturna
924 983 1102 1068 posteritas.

283 1087 438 1170 Ceterum,
468 1096 503 1153 ut
532 1087 574 1153 ad
603 1089 755 1170 ordinem,
779 1111 798 1152 a
822 1109 883 1171 quo
915 1110 965 1154 me
995 1089 1253 1172 contemplatio7

181 1192 328 1276 publicae
340 1193 502 1257 felicitatis
515 1200 681 1274 averterat,
690 1192 825 1274 redeam,
837 1185 989 1283 Perdicca
996 1193 1122 1258 unicam
1130 1213 1219 1277 spem

181 1297 292 1362 salutis
305 1317 381 1361 suae
403 1298 434 1361 in
451 1296 604 1380 Meleagri
622 1305 721 1362 morte
737 1298 926 1382 reponebat:
951 1318 1067 1361 vanum
1083 1297 1217 1362 eundern

182 1408 215 1466 et
235 1399 364 1464 infidum
382 1402 589 1483 celeriterque
604 1421 655 1466 res
670 1389 855 1467 novaturum
876 1410 907 1467 et
926 1403 983 1468 sibi
1008 1402 1146 1466 maxime
1175 1403 1219 1465 in-

181 1507 298 1571 festum
311 1506 528 1590 occupandum
542 1528 621 1572 esse.
641 1507 702 1572 Sed
714 1509 779 1572 alta
787 1509 1038 1573 dissimulatione
1050 1508 1219 1572 consilium
1238 1532 1254 1582 8

181 1611 356 1694 premebat,
389 1619 423 1674 ut
454 1612 647 1696 opprimeret
677 1613 860 1677 incautum
897 1614 983 1694 Ergo
1014 1615 1097 1678 clam
1128 1632 1220 1696 quos-

182 1715 255 1778 dam
280 1736 321 1779 ex
341 1716 451 1800 copiis,
478 1717 594 1798 quibus
616 1725 771 1801 praeerat,
796 1717 992 1798 subornavit,
1017 1724 1110 1780 ut-
1127 1718 1219 1800 quasi

181 1821 344 1902 ignoraret
367 1821 436 1905 ipse
453 1859 494 1865 —
514 1828 722 1903 quererentur
744 1822 859 1905 palam,
885 1821 1081 1904 Meleagrum
1104 1842 1219 1904 aequa-

181 1933 249 1988 tum
273 1945 343 1989 esse
366 1925 547 1990 Perdiccae.
594 1925 734 2001 Quorum
758 1946 902 1990 sermone
925 1926 1087 2008 Meleager
1120 1926 1162 1989 ad
1185 1941 1254 1992 see
1329 1973 1330 1978 η

182 2029 283 2093 relato
313 2028 424 2094 furens
447 2030 495 2094 ira
517 2030 696 2110 Perdiccae,
733 2051 815 2112 quae
840 2031 1055 2114 comperisset,
1080 2031 1219 2115 exponit.

183 2133 251 2212 Ille,
265 2133 353 2198 velut
375 2154 459 2197 nova
482 2155 516 2198 re
535 2135 713 2214 exterritus,
727 2134 887 2215 admirari,
912 2135 1000 2218 queri
1020 2135 1222 2218 dolentisque

183 2237 324 2321 speciem
355 2245 514 2302 ostentare
545 2239 574 2303 ei
605 2239 726 2323 coepit:
757 2239 799 2303 ad
830 2239 975 2303 ultimum
998 2240 1154 2321 convenit,
1187 2246 1222 2304 ut

183 2341 526 2426 comprehenderentur
544 2349 609 2406 tarn
633 2344 807 2408 seditiosae
829 2344 919 2408 vocis
942 2351 1100 2408 auctores.
1146 2344 1222 2426 Agit
1242 2359 1274 2408 10

183 2446 346 2527 Meleager
369 2447 491 2528 gratias
514 2449 744 2532 amplexusque
767 2446 953 2513 Perdiccam
976 2447 1072 2512 fidem
1096 2450 1166 2513 eius
1188 2449 1221 2513 in

184 2570 218 2614 se
242 2559 282 2613 ao·
302 2550 552 2615 benivolentiam
587 2551 756 2616 collaudat.
800 2554 882 2616 Tum
905 2553 1064 2617 communi
1088 2553 1220 2618 consilio
1241 2567 1271 2614 11

183 2657 337 2719 rationem
370 2656 571 2739 opprimendi
601 2656 713 2721 noxios
743 2657 860 2722 ineunt.
908 2657 1017 2722 Placet
1046 2658 1221 2722 exercitum

183 2761 286 2843 patrio
306 2779 393 2823 more
415 2759 550 2840 lustrari,
576 2767 607 2824 et
630 2760 803 2844 probabilis
827 2781 924 2826 causa
941 2761 1111 2826 videbatur
1133 2783 1221 2846 prae-

183 2862 276 2927 terita
309 2863 474 2928 discordia.
523 2865 733 2930 Macedonum
766 2885 859 2948 reges
889 2865 934 2928 ita
966 2866 1102 2930 lustrare
1137 2865 1221 2931 soliti
1241 2880 1272 2928 12

183 2975 272 3032 erant
286 2968 414 3046 milites,
439 2975 474 3032 ut
493 2969 648 3034 discissae
666 2970 756 3034 canis
771 2969 894 3035 viscera
917 2970 1027 3034 ultimo
1049 2970 1082 3034 in
1099 2991 1220 3054 campo,

152 3071 215 3134 'in
245 3092 341 3153 quem
371 3072 583 3137 deduceretur
613 3074 783 3151 exercitus,
817 3074 857 3138 ab
892 3079 1025 3156 utraque
1059 3073 1221 3139 abicerent

183 3183 282 3259 parte,
301 3175 384 3238 intra
399 3176 432 3239 id
447 3177 583 3260 spatium
597 3177 710 3241 armati
725 3197 834 3242 omnes
850 3183 980 3255 starent,
998 3178 1071 3242 hinc
1086 3179 1218 3260 equites,

129 3271 271 3344 iturine
294 3279 443 3363 phalanx.
490 3281 605 3362 Itaque
626 3302 663 3344 eo
680 3281 740 3362 die,
765 3301 859 3364 quem
879 3281 953 3344 huic
977 3301 1068 3345 sacro
1085 3281 1220 3346 destina·
1241 3296 1272 3345 13

181 3391 302 3462 verant,
320 3404 376 3448 rex
392 3405 465 3448 cum
480 3384 637 3465 equitibus
653 3385 895 3470 elephantisque
910 3386 1096 3450 constiterat
1112 3394 1221 3450 contra

181 3486 316 3572 pedites,
347 3488 417 3570 quis
443 3488 604 3569 Meleager
634 3497 789 3572 praeerat,
836 3490 905 3553 lam
930 3496 1076 3571 equestre
1106 3511 1220 3572 agmen
1241 3504 1273 3552 14

182 3591 377 3670 movebatur,
413 3600 444 3655 ot
477 3592 610 3675 pedites,
647 3594 752 3657 subita
786 3593 952 3657 formidine
987 3594 1027 3657 ob
1061 3600 1220 3658 recentem

182 3694 373 3760 discordiam
410 3695 497 3759 haud
535 3716 612 3760 sane
656 3698 757 3780 pacati
797 3698 966 3779 quicquam
1005 3705 1218 3782 expectantes

181 3821 353 3884 parumper
383 3800 620 3866 addubitavere.
654 3823 694 3864 an
724 3802 755 3864 in
787 3803 897 3866 urbem
928 3803 1141 3866 subducerent
1172 3823 1220 3865 co-

181 3905 269 3989 pias:
309 3904 425 3988 quippe
464 3925 520 3986 pro
559 3905 718 3987 equitibus
757 3906 906 3988 planities
945 3914 1021 3970 erat.
1070 3907 1217 3970 Ceterum
1241 3920 1270 3968 15
