<?xml version="1.0" encoding="UTF-8"?>
<!DOCTYPE html PUBLIC "-//W3C//DTD XHTML 1.0 Transitional//EN"
    "http://www.w3.org/TR/xhtml1/DTD/xhtml1-transitional.dtd">
<html xmlns="http://www.w3.org/1999/xhtml" xml:lang="en" lang="en">
 <head>
  <title>
</title>
<meta http-equiv="Content-Type" content="text/html;charset=utf-8" />
  <meta name='ocr-system' content='tesseract 3.04.00' />
  <meta name='ocr-capabilities' content='ocr_page ocr_carea ocr_par ocr_line ocrx_word'/>
</head>
<body>
  <div class='ocr_page' id='page_1' title='image "./qcurtirufihisto00stangoog_0057.png"; bbox 0 0 3028 4322; ppageno 0'>
   <div class='ocr_carea' id='block_1_1' title="bbox 276 251 926 319">
    <p class='ocr_par' dir='ltr' id='par_1_1' title="bbox 276 251 926 319">
     <span class='ocr_line' id='line_1_1' title="bbox 276 251 926 319; baseline -0.012 -5"><span class='ocrx_word' id='word_1_1' title='bbox 276 251 317 314; x_wconf 73' lang='lat'>24</span> <span class='ocrx_word' id='word_1_2' title='bbox 664 255 694 319; x_wconf 78' lang='lat' dir='ltr'>Q.</span> <span class='ocrx_word' id='word_1_3' title='bbox 715 255 822 308; x_wconf 81' lang='lat' dir='ltr'>CUR&#39;l&#39;l</span> <span class='ocrx_word' id='word_1_4' title='bbox 841 255 926 308; x_wconf 85' lang='lat' dir='ltr'>RUFI</span> 
     </span>
    </p>
   </div>
   <div class='ocr_carea' id='block_1_2' title="bbox 213 455 1362 3363">
    <p class='ocr_par' dir='ltr' id='par_1_2' title="bbox 225 455 1312 862">
     <span class='ocr_line' id='line_1_2' title="bbox 225 455 1312 546; baseline 0 -20"><span class='ocrx_word' id='word_1_5' title='bbox 225 477 257 526; x_wconf 79' lang='lat'>14</span> <span class='ocrx_word' id='word_1_6' title='bbox 276 460 479 526; x_wconf 87' lang='lat' dir='ltr'>vehementer</span> <span class='ocrx_word' id='word_1_7' title='bbox 494 455 658 544; x_wconf 76' lang='lat' dir='ltr'>urgebant.</span> <span class='ocrx_word' id='word_1_8' title='bbox 694 462 826 544; x_wconf 90' lang='lat' dir='ltr'>Iamque</span> <span class='ocrx_word' id='word_1_9' title='bbox 848 483 912 527; x_wconf 91' lang='lat' dir='ltr'>una</span> <span class='ocrx_word' id='word_1_10' title='bbox 934 462 986 526; x_wconf 89' lang='lat' dir='ltr'>ala</span> <span class='ocrx_word' id='word_1_11' title='bbox 1007 463 1078 546; x_wconf 90' lang='lat' dir='ltr'>ipso</span> <span class='ocrx_word' id='word_1_12' title='bbox 1101 463 1221 546; x_wconf 88' lang='lat' dir='ltr'>impetu</span> <span class='ocrx_word' id='word_1_13' title='bbox 1244 483 1312 546; x_wconf 93' lang='lat' dir='ltr'>pro-</span> 
     </span>
     <span class='ocr_line' id='line_1_3' title="bbox 274 565 1312 648; baseline 0.003 -19"><span class='ocrx_word' id='word_1_14' title='bbox 274 565 400 630; x_wconf 88' lang='lat' dir='ltr'>culcata</span> <span class='ocrx_word' id='word_1_15' title='bbox 429 573 513 630; x_wconf 89' lang='lat' dir='ltr'>erat:</span> <span class='ocrx_word' id='word_1_16' title='bbox 549 585 621 630; x_wconf 93' lang='lat' dir='ltr'>cum</span> <span class='ocrx_word' id='word_1_17' title='bbox 650 565 807 648; x_wconf 79' lang='lat' dir='ltr'>Thessali,</span> <span class='ocrx_word' id='word_1_18' title='bbox 842 573 969 631; x_wconf 89' lang='lat' dir='ltr'>strenue</span> <span class='ocrx_word' id='word_1_19' title='bbox 992 566 1190 632; x_wconf 72' lang='lat' dir='ltr'><strong>circumactis</strong></span> <span class='ocrx_word' id='word_1_20' title='bbox 1221 567 1312 648; x_wconf 90' lang='lat' dir='ltr'>equis</span> 
     </span>
     <span class='ocr_line' id='line_1_4' title="bbox 275 669 1309 756; baseline 0.002 -22"><span class='ocrx_word' id='word_1_21' title='bbox 275 670 399 754; x_wconf 79' lang='lat' dir='ltr'>dilapsi,</span> <span class='ocrx_word' id='word_1_22' title='bbox 423 689 533 735; x_wconf 90' lang='lat' dir='ltr'>rursus</span> <span class='ocrx_word' id='word_1_23' title='bbox 556 669 588 734; x_wconf 92' lang='lat' dir='ltr'>in</span> <span class='ocrx_word' id='word_1_24' title='bbox 604 670 759 754; x_wconf 88' lang='lat' dir='ltr'>proelium</span> <span class='ocrx_word' id='word_1_25' title='bbox 775 669 909 735; x_wconf 89' lang='lat' dir='ltr'>redeunt</span> <span class='ocrx_word' id='word_1_26' title='bbox 928 691 1119 756; x_wconf 90' lang='lat' dir='ltr'>sparsosque</span> <span class='ocrx_word' id='word_1_27' title='bbox 1143 679 1175 737; x_wconf 91' lang='grc'>01</span> <span class='ocrx_word' id='word_1_28' title='bbox 1197 672 1309 737; x_wconf 92' lang='lat' dir='ltr'>incom-</span> 
     </span>
     <span class='ocr_line' id='line_1_5' title="bbox 273 773 1311 862; baseline 0.003 -24"><span class='ocrx_word' id='word_1_29' title='bbox 273 775 394 860; x_wconf 91' lang='lat' dir='ltr'>positos</span> <span class='ocrx_word' id='word_1_30' title='bbox 428 773 579 839; x_wconf 87' lang='lat' dir='ltr'>victoriae</span> <span class='ocrx_word' id='word_1_31' title='bbox 613 773 730 838; x_wconf 87' lang='lat' dir='ltr'>fiducia</span> <span class='ocrx_word' id='word_1_32' title='bbox 764 774 916 839; x_wconf 89' lang='lat' dir='ltr'>barbaros</span> <span class='ocrx_word' id='word_1_33' title='bbox 952 775 1075 858; x_wconf 83' lang='lat' dir='ltr'>ingenti</span> <span class='ocrx_word' id='word_1_34' title='bbox 1109 776 1209 841; x_wconf 90' lang='lat' dir='ltr'>caede</span> <span class='ocrx_word' id='word_1_35' title='bbox 1242 797 1311 862; x_wconf 93' lang='lat' dir='ltr'>pro-</span> 
     </span>
    </p>

    <p class='ocr_par' dir='ltr' id='par_1_3' title="bbox 224 877 1311 1276">
     <span class='ocr_line' id='line_1_6' title="bbox 224 877 1311 962; baseline 0.001 -19"><span class='ocrx_word' id='word_1_36' title='bbox 224 894 255 943; x_wconf 79' lang='grc'>10</span> <span class='ocrx_word' id='word_1_37' title='bbox 275 884 428 942; x_wconf 89' lang='lat' dir='ltr'>sternunt.</span> <span class='ocrx_word' id='word_1_38' title='bbox 468 877 550 960; x_wconf 83' lang='lat' dir='ltr'>Equi</span> <span class='ocrx_word' id='word_1_39' title='bbox 572 878 692 962; x_wconf 90' lang='lat' dir='ltr'>pariter</span> <span class='ocrx_word' id='word_1_40' title='bbox 715 878 901 962; x_wconf 81' lang='lat' dir='ltr'>equitesque</span> <span class='ocrx_word' id='word_1_41' title='bbox 925 877 1102 960; x_wconf 81' lang='lat' dir='ltr'>Persarum,</span> <span class='ocrx_word' id='word_1_42' title='bbox 1132 878 1214 944; x_wconf 89' lang='lat' dir='ltr'>serie</span> <span class='ocrx_word' id='word_1_43' title='bbox 1237 881 1311 944; x_wconf 90' lang='lat' dir='ltr'>lam-</span> 
     </span>
     <span class='ocr_line' id='line_1_7' title="bbox 272 980 1311 1066; baseline 0.003 -22"><span class='ocrx_word' id='word_1_44' title='bbox 272 1001 382 1045; x_wconf 86' lang='lat' dir='ltr'>narum</span> <span class='ocrx_word' id='word_1_45' title='bbox 411 1019 455 1027; x_wconf 90' lang='lat'>—</span> <span class='ocrx_word' id='word_1_46' title='bbox 484 981 601 1048; x_wconf 90' lang='lat' dir='ltr'>loricae</span> <span class='ocrx_word' id='word_1_47' title='bbox 635 980 669 1046; x_wconf 90' lang='lat' dir='ltr'>id</span> <span class='ocrx_word' id='word_1_48' title='bbox 700 1002 801 1065; x_wconf 90' lang='lat' dir='ltr'>genus</span> <span class='ocrx_word' id='word_1_49' title='bbox 831 1020 873 1028; x_wconf 90' lang='lat'>—</span> <span class='ocrx_word' id='word_1_50' title='bbox 904 1001 1028 1066; x_wconf 89' lang='lat' dir='ltr'>graves,</span> <span class='ocrx_word' id='word_1_51' title='bbox 1063 1003 1188 1066; x_wconf 82' lang='lat' dir='ltr'>agmen,</span> <span class='ocrx_word' id='word_1_52' title='bbox 1226 983 1311 1066; x_wconf 90' lang='lat' dir='ltr'>quod</span> 
     </span>
     <span class='ocr_line' id='line_1_8' title="bbox 274 1085 1309 1173; baseline 0.003 -24"><span class='ocrx_word' id='word_1_53' title='bbox 274 1085 434 1151; x_wconf 87' lang='lat' dir='ltr'>celeritate</span> <span class='ocrx_word' id='word_1_54' title='bbox 450 1088 590 1152; x_wconf 90' lang='lat' dir='ltr'>maxime</span> <span class='ocrx_word' id='word_1_55' title='bbox 607 1094 738 1168; x_wconf 90' lang='lat' dir='ltr'>constat,</span> <span class='ocrx_word' id='word_1_56' title='bbox 763 1108 860 1169; x_wconf 88' lang='lat' dir='ltr'>aegre</span> <span class='ocrx_word' id='word_1_57' title='bbox 883 1087 1110 1152; x_wconf 84' lang='lat' dir='ltr'>moliebantur:</span> <span class='ocrx_word' id='word_1_58' title='bbox 1135 1087 1254 1173; x_wconf 92' lang='lat' dir='ltr'>quippe</span> <span class='ocrx_word' id='word_1_59' title='bbox 1277 1088 1309 1152; x_wconf 93' lang='lat' dir='ltr'>in</span> 
     </span>
     <span class='ocr_line' id='line_1_9' title="bbox 274 1189 1308 1276; baseline 0.005 -24"><span class='ocrx_word' id='word_1_60' title='bbox 274 1189 526 1274; x_wconf 85' lang='lat' dir='ltr'>circumagendis</span> <span class='ocrx_word' id='word_1_61' title='bbox 557 1191 647 1274; x_wconf 92' lang='lat' dir='ltr'>equis</span> <span class='ocrx_word' id='word_1_62' title='bbox 678 1191 744 1256; x_wconf 90' lang='lat' dir='ltr'>suis</span> <span class='ocrx_word' id='word_1_63' title='bbox 774 1191 920 1258; x_wconf 84' lang='lat' dir='ltr'>Thessali</span> <span class='ocrx_word' id='word_1_64' title='bbox 942 1191 1033 1257; x_wconf 91' lang='lat' dir='ltr'>inulti</span> <span class='ocrx_word' id='word_1_65' title='bbox 1065 1199 1308 1276; x_wconf 87' lang='lat' dir='ltr'>occupaverant.</span> 
     </span>
    </p>

    <p class='ocr_par' dir='ltr' id='par_1_4' title="bbox 222 1285 1362 1487">
     <span class='ocr_line' id='line_1_10' title="bbox 222 1285 1362 1381; baseline -0.002 -23"><span class='ocrx_word' id='word_1_66' title='bbox 222 1309 254 1359; x_wconf 84' lang='grc'>16</span> <span class='ocrx_word' id='word_1_67' title='bbox 371 1295 447 1360; x_wconf 71' lang='grc' dir='ltr'>,Ηο0</span> <span class='ocrx_word' id='word_1_68' title='bbox 469 1303 534 1360; x_wconf 90' lang='lat' dir='ltr'>tarn</span> <span class='ocrx_word' id='word_1_69' title='bbox 557 1315 708 1381; x_wconf 90' lang='lat' dir='ltr'>prospera</span> <span class='ocrx_word' id='word_1_70' title='bbox 730 1316 839 1380; x_wconf 90' lang='lat' dir='ltr'>pugna</span> <span class='ocrx_word' id='word_1_71' title='bbox 864 1296 1007 1361; x_wconf 91' lang='lat' dir='ltr'>nuntiata</span> <span class='ocrx_word' id='word_1_72' title='bbox 1028 1296 1220 1378; x_wconf 84' lang='lat' dir='ltr'>Alexander,</span> <span class='ocrx_word' id='word_1_73' title='bbox 1245 1285 1362 1361; x_wconf 77' lang='grc'><strong>1101128</strong></span> 
     </span>
     <span class='ocr_line' id='line_1_11' title="bbox 271 1401 1309 1487; baseline 0.001 -23"><span class='ocrx_word' id='word_1_74' title='bbox 271 1407 346 1466; x_wconf 87' lang='lat' dir='ltr'>ante</span> <span class='ocrx_word' id='word_1_75' title='bbox 381 1421 480 1468; x_wconf 90' lang='lat' dir='ltr'>ausus</span> <span class='ocrx_word' id='word_1_76' title='bbox 517 1402 664 1487; x_wconf 87' lang='lat' dir='ltr'>persequi</span> <span class='ocrx_word' id='word_1_77' title='bbox 703 1401 861 1482; x_wconf 89' lang='lat' dir='ltr'>barbaros,</span> <span class='ocrx_word' id='word_1_78' title='bbox 907 1401 1064 1483; x_wconf 88' lang='lat' dir='ltr'>utrimque</span> <span class='ocrx_word' id='word_1_79' title='bbox 1107 1401 1172 1465; x_wconf 94' lang='lat' dir='ltr'>iam</span> <span class='ocrx_word' id='word_1_80' title='bbox 1208 1401 1309 1465; x_wconf 92' lang='lat' dir='ltr'>victor</span> 
     </span>
    </p>

    <p class='ocr_par' dir='ltr' id='par_1_5' title="bbox 221 1505 1307 2009">
     <span class='ocr_line' id='line_1_12' title="bbox 221 1505 1307 1591; baseline -0.004 -17"><span class='ocrx_word' id='word_1_81' title='bbox 221 1507 389 1576; x_wconf 87' lang='grc'><strong>1111101010</strong></span> <span class='ocrx_word' id='word_1_82' title='bbox 412 1506 607 1590; x_wconf 86' lang='lat' dir='ltr'>fugientibus</span> <span class='ocrx_word' id='word_1_83' title='bbox 632 1506 746 1591; x_wconf 89' lang='lat' dir='ltr'>coepit.</span> <span class='ocrx_word' id='word_1_84' title='bbox 791 1505 888 1571; x_wconf 91' lang='lat' dir='ltr'>Haud</span> <span class='ocrx_word' id='word_1_85' title='bbox 914 1506 1050 1590; x_wconf 90' lang='lat' dir='ltr'>amplius</span> <span class='ocrx_word' id='word_1_86' title='bbox 1079 1526 1191 1588; x_wconf 89' lang='lat' dir='ltr'>regem</span> <span class='ocrx_word' id='word_1_87' title='bbox 1215 1525 1307 1587; x_wconf 90' lang='lat' dir='ltr'>quam</span> 
     </span>
     <span class='ocr_line' id='line_1_13' title="bbox 270 1610 1307 1694; baseline 0.001 -20"><span class='ocrx_word' id='word_1_88' title='bbox 270 1611 356 1676; x_wconf 90' lang='lat' dir='ltr'>mille</span> <span class='ocrx_word' id='word_1_89' title='bbox 379 1610 503 1692; x_wconf 88' lang='lat' dir='ltr'>equites</span> <span class='ocrx_word' id='word_1_90' title='bbox 526 1611 747 1693; x_wconf 85' lang='lat' dir='ltr'>sequebantur,</span> <span class='ocrx_word' id='word_1_91' title='bbox 773 1631 843 1675; x_wconf 90' lang='lat' dir='ltr'>cum</span> <span class='ocrx_word' id='word_1_92' title='bbox 858 1611 971 1694; x_wconf 91' lang='lat' dir='ltr'>iugens</span> <span class='ocrx_word' id='word_1_93' title='bbox 986 1611 1153 1676; x_wconf 88' lang='lat' dir='ltr'>multitudo</span> <span class='ocrx_word' id='word_1_94' title='bbox 1169 1610 1307 1676; x_wconf 89' lang='lat' dir='ltr'>hostium</span> 
     </span>
     <span class='ocr_line' id='line_1_14' title="bbox 271 1715 1307 1801; baseline 0.001 -22"><span class='ocrx_word' id='word_1_95' title='bbox 271 1715 406 1780; x_wconf 88' lang='lat' dir='ltr'>cederet.</span> <span class='ocrx_word' id='word_1_96' title='bbox 454 1715 521 1781; x_wconf 83' lang='lat' dir='ltr'>Sed</span> <span class='ocrx_word' id='word_1_97' title='bbox 543 1716 613 1799; x_wconf 90' lang='lat' dir='ltr'>quis</span> <span class='ocrx_word' id='word_1_98' title='bbox 644 1723 698 1780; x_wconf 87' lang='lat' dir='ltr'>aut</span> <span class='ocrx_word' id='word_1_99' title='bbox 728 1716 761 1779; x_wconf 93' lang='lat' dir='ltr'>in</span> <span class='ocrx_word' id='word_1_100' title='bbox 790 1716 923 1781; x_wconf 91' lang='lat' dir='ltr'>victoria</span> <span class='ocrx_word' id='word_1_101' title='bbox 952 1723 1006 1781; x_wconf 91' lang='lat' dir='ltr'>aut</span> <span class='ocrx_word' id='word_1_102' title='bbox 1035 1716 1068 1780; x_wconf 93' lang='lat' dir='ltr'>in</span> <span class='ocrx_word' id='word_1_103' title='bbox 1099 1716 1178 1799; x_wconf 89' lang='lat' dir='ltr'>fuga</span> <span class='ocrx_word' id='word_1_104' title='bbox 1200 1715 1307 1801; x_wconf 89' lang='lat' dir='ltr'>copias</span> 
     </span>
     <span class='ocr_line' id='line_1_15' title="bbox 269 1818 1307 1905; baseline 0 -22"><span class='ocrx_word' id='word_1_105' title='bbox 269 1818 437 1885; x_wconf 84' lang='lat' dir='ltr'>numerat?</span> <span class='ocrx_word' id='word_1_106' title='bbox 461 1819 647 1901; x_wconf 84' lang='lat' dir='ltr'>Agebantur</span> <span class='ocrx_word' id='word_1_107' title='bbox 670 1839 746 1902; x_wconf 89' lang='lat' dir='ltr'>ergo</span> <span class='ocrx_word' id='word_1_108' title='bbox 769 1826 875 1884; x_wconf 88' lang='lat' dir='ltr'>atam</span> <span class='ocrx_word' id='word_1_109' title='bbox 897 1820 1007 1904; x_wconf 89' lang='lat' dir='ltr'>paucis</span> <span class='ocrx_word' id='word_1_110' title='bbox 1030 1839 1180 1905; x_wconf 91' lang='lat' dir='ltr'>pecorum</span> <span class='ocrx_word' id='word_1_111' title='bbox 1202 1819 1307 1898; x_wconf 91' lang='lat' dir='ltr'>modo,</span> 
     </span>
     <span class='ocr_line' id='line_1_16' title="bbox 270 1924 1304 2009; baseline -0.002 -19"><span class='ocrx_word' id='word_1_112' title='bbox 270 1932 301 1990; x_wconf 91' lang='grc'>01</span> <span class='ocrx_word' id='word_1_113' title='bbox 323 1925 409 1990; x_wconf 91' lang='lat' dir='ltr'>idem</span> <span class='ocrx_word' id='word_1_114' title='bbox 431 1932 542 2005; x_wconf 88' lang='lat' dir='ltr'>metus,</span> <span class='ocrx_word' id='word_1_115' title='bbox 567 1925 620 2008; x_wconf 95' lang='lat' dir='ltr'>qui</span> <span class='ocrx_word' id='word_1_116' title='bbox 644 1925 779 2008; x_wconf 86' lang='lat' dir='ltr'>cogebat</span> <span class='ocrx_word' id='word_1_117' title='bbox 795 1924 916 2008; x_wconf 90' lang='lat' dir='ltr'>fugere,</span> <span class='ocrx_word' id='word_1_118' title='bbox 941 1925 1100 2009; x_wconf 86' lang='lat' dir='ltr'>fugientes</span> <span class='ocrx_word' id='word_1_119' title='bbox 1115 1925 1304 1990; x_wconf 85' lang='lat' dir='ltr'>morabatur.</span> 
     </span>
    </p>

    <p class='ocr_par' dir='ltr' id='par_1_6' title="bbox 220 2029 1306 2324">
     <span class='ocr_line' id='line_1_17' title="bbox 220 2029 1306 2116; baseline 0.002 -22"><span class='ocrx_word' id='word_1_120' title='bbox 220 2045 252 2096; x_wconf 85' lang='lat'>18</span> <span class='ocrx_word' id='word_1_121' title='bbox 270 2030 312 2094; x_wconf 91' lang='lat' dir='ltr'>At</span> <span class='ocrx_word' id='word_1_122' title='bbox 335 2029 457 2111; x_wconf 82' lang='lat' dir='ltr'>Graeci,</span> <span class='ocrx_word' id='word_1_123' title='bbox 483 2030 537 2113; x_wconf 93' lang='lat' dir='ltr'>qui</span> <span class='ocrx_word' id='word_1_124' title='bbox 559 2030 591 2094; x_wconf 93' lang='lat' dir='ltr'>in</span> <span class='ocrx_word' id='word_1_125' title='bbox 606 2030 705 2094; x_wconf 89' lang='lat' dir='ltr'>Darei</span> <span class='ocrx_word' id='word_1_126' title='bbox 720 2030 862 2114; x_wconf 91' lang='lat' dir='ltr'>partibus</span> <span class='ocrx_word' id='word_1_127' title='bbox 886 2037 1045 2112; x_wconf 88' lang='lat' dir='ltr'>steterant,</span> <span class='ocrx_word' id='word_1_128' title='bbox 1069 2031 1210 2116; x_wconf 88' lang='lat' dir='ltr'>Amynta</span> <span class='ocrx_word' id='word_1_129' title='bbox 1226 2030 1306 2096; x_wconf 90' lang='lat' dir='ltr'>duce</span> 
     </span>
     <span class='ocr_line' id='line_1_18' title="bbox 270 2133 1304 2219; baseline 0.002 -21"><span class='ocrx_word' id='word_1_130' title='bbox 270 2171 311 2180; x_wconf 94' lang='lat'>-</span> <span class='ocrx_word' id='word_1_131' title='bbox 345 2141 472 2218; x_wconf 89' lang='lat' dir='ltr'>praetor</span> <span class='ocrx_word' id='word_1_132' title='bbox 505 2133 557 2198; x_wconf 88' lang='lat' dir='ltr'>hic</span> <span class='ocrx_word' id='word_1_133' title='bbox 590 2133 767 2198; x_wconf 85' lang='lat' dir='ltr'>Alexandri</span> <span class='ocrx_word' id='word_1_134' title='bbox 804 2133 916 2215; x_wconf 88' lang='lat' dir='ltr'>fuerat,</span> <span class='ocrx_word' id='word_1_135' title='bbox 955 2143 1030 2200; x_wconf 89' lang='lat' dir='ltr'>tunc</span> <span class='ocrx_word' id='word_1_136' title='bbox 1063 2135 1230 2219; x_wconf 86' lang='lat' dir='ltr'>transfuga</span> <span class='ocrx_word' id='word_1_137' title='bbox 1264 2173 1304 2181; x_wconf 97' lang='lat'>—</span> 
     </span>
     <span class='ocr_line' id='line_1_19' title="bbox 269 2238 1303 2324; baseline 0.002 -22"><span class='ocrx_word' id='word_1_138' title='bbox 269 2239 396 2324; x_wconf 84' lang='lat' dir='ltr'>abrupti</span> <span class='ocrx_word' id='word_1_139' title='bbox 410 2260 430 2303; x_wconf 89' lang='lat' dir='ltr'>a</span> <span class='ocrx_word' id='word_1_140' title='bbox 445 2239 566 2320; x_wconf 90' lang='lat' dir='ltr'>ceteris,</span> <span class='ocrx_word' id='word_1_141' title='bbox 584 2238 669 2304; x_wconf 91' lang='lat' dir='ltr'>haud</span> <span class='ocrx_word' id='word_1_142' title='bbox 682 2259 758 2304; x_wconf 90' lang='lat' dir='ltr'>sane</span> <span class='ocrx_word' id='word_1_143' title='bbox 772 2238 968 2322; x_wconf 86' lang='lat' dir='ltr'>fugientibus</span> <span class='ocrx_word' id='word_1_144' title='bbox 983 2239 1112 2322; x_wconf 89' lang='lat' dir='ltr'>similes,</span> <span class='ocrx_word' id='word_1_145' title='bbox 1128 2247 1303 2306; x_wconf 90' lang='lat' dir='ltr'>evaserant.</span> 
     </span>
    </p>

    <p class='ocr_par' dir='ltr' id='par_1_7' title="bbox 215 2342 1305 2636">
     <span class='ocr_line' id='line_1_20' title="bbox 215 2342 1305 2428; baseline 0.001 -22"><span class='ocrx_word' id='word_1_146' title='bbox 215 2357 247 2408; x_wconf 87' lang='lat'>19</span> <span class='ocrx_word' id='word_1_147' title='bbox 270 2343 401 2408; x_wconf 88' lang='lat' dir='ltr'>Barbari</span> <span class='ocrx_word' id='word_1_148' title='bbox 430 2343 526 2426; x_wconf 91' lang='lat' dir='ltr'>longe</span> <span class='ocrx_word' id='word_1_149' title='bbox 556 2343 715 2408; x_wconf 90' lang='lat' dir='ltr'>diversam</span> <span class='ocrx_word' id='word_1_150' title='bbox 745 2343 855 2426; x_wconf 85' lang='lat' dir='ltr'>fugam</span> <span class='ocrx_word' id='word_1_151' title='bbox 888 2342 1108 2409; x_wconf 90' lang='lat' dir='ltr'>intenderunt:</span> <span class='ocrx_word' id='word_1_152' title='bbox 1142 2344 1205 2428; x_wconf 91' lang='lat' dir='ltr'>alii,</span> <span class='ocrx_word' id='word_1_153' title='bbox 1242 2363 1305 2427; x_wconf 88' lang='lat' dir='ltr'>qua</span> 
     </span>
     <span class='ocr_line' id='line_1_21' title="bbox 265 2446 1304 2532; baseline 0.002 -22"><span class='ocrx_word' id='word_1_154' title='bbox 265 2454 386 2512; x_wconf 90' lang='lat' dir='ltr'>rectum</span> <span class='ocrx_word' id='word_1_155' title='bbox 408 2447 468 2512; x_wconf 90' lang='lat' dir='ltr'>iter</span> <span class='ocrx_word' id='word_1_156' title='bbox 489 2447 522 2511; x_wconf 93' lang='lat' dir='ltr'>in</span> <span class='ocrx_word' id='word_1_157' title='bbox 545 2446 708 2512; x_wconf 89' lang='lat' dir='ltr'>Persidem</span> <span class='ocrx_word' id='word_1_158' title='bbox 731 2447 877 2527; x_wconf 87' lang='lat' dir='ltr'>ducebat,</span> <span class='ocrx_word' id='word_1_159' title='bbox 903 2447 1032 2531; x_wconf 87' lang='lat' dir='ltr'>quidam</span> <span class='ocrx_word' id='word_1_160' title='bbox 1054 2447 1186 2512; x_wconf 91' lang='lat' dir='ltr'>circuitu</span> <span class='ocrx_word' id='word_1_161' title='bbox 1209 2468 1304 2532; x_wconf 89' lang='lat' dir='ltr'>rupes</span> 
     </span>
     <span class='ocr_line' id='line_1_22' title="bbox 265 2551 1301 2636; baseline -0.001 -20"><span class='ocrx_word' id='word_1_162' title='bbox 265 2551 428 2632; x_wconf 90' lang='lat' dir='ltr'>saltusque</span> <span class='ocrx_word' id='word_1_163' title='bbox 451 2551 604 2616; x_wconf 92' lang='lat' dir='ltr'>montium</span> <span class='ocrx_word' id='word_1_164' title='bbox 627 2551 769 2616; x_wconf 90' lang='lat' dir='ltr'>occultos</span> <span class='ocrx_word' id='word_1_165' title='bbox 793 2551 942 2636; x_wconf 85' lang='lat' dir='ltr'>petivere,</span> <span class='ocrx_word' id='word_1_166' title='bbox 967 2551 1060 2636; x_wconf 91' lang='lat' dir='ltr'>pauci</span> <span class='ocrx_word' id='word_1_167' title='bbox 1077 2559 1180 2616; x_wconf 88' lang='lat' dir='ltr'>castra</span> <span class='ocrx_word' id='word_1_168' title='bbox 1195 2551 1301 2617; x_wconf 93' lang='lat' dir='ltr'>Darei.</span> 
     </span>
    </p>

    <p class='ocr_par' dir='ltr' id='par_1_8' title="bbox 213 2654 1303 3154">
     <span class='ocr_line' id='line_1_23' title="bbox 213 2654 1303 2738; baseline 0.002 -20"><span class='ocrx_word' id='word_1_169' title='bbox 213 2669 247 2718; x_wconf 82' lang='lat'>20</span> <span class='ocrx_word' id='word_1_170' title='bbox 266 2654 330 2720; x_wconf 84' lang='lat' dir='ltr'>Sed</span> <span class='ocrx_word' id='word_1_171' title='bbox 364 2655 427 2720; x_wconf 93' lang='lat' dir='ltr'>iam</span> <span class='ocrx_word' id='word_1_172' title='bbox 460 2655 515 2719; x_wconf 95' lang='lat' dir='ltr'>illa</span> <span class='ocrx_word' id='word_1_173' title='bbox 550 2674 676 2738; x_wconf 93' lang='lat' dir='ltr'>quoque</span> <span class='ocrx_word' id='word_1_174' title='bbox 709 2655 811 2719; x_wconf 91' lang='lat' dir='ltr'>victor</span> <span class='ocrx_word' id='word_1_175' title='bbox 843 2655 1026 2736; x_wconf 90' lang='lat' dir='ltr'>intraverat,</span> <span class='ocrx_word' id='word_1_176' title='bbox 1062 2655 1146 2720; x_wconf 89' lang='lat' dir='ltr'>omni</span> <span class='ocrx_word' id='word_1_177' title='bbox 1176 2655 1303 2737; x_wconf 89' lang='lat' dir='ltr'>quidem</span> 
     </span>
     <span class='ocr_line' id='line_1_24' title="bbox 264 2759 1302 2844; baseline 0.002 -22"><span class='ocrx_word' id='word_1_178' title='bbox 264 2759 428 2844; x_wconf 88' lang='lat' dir='ltr'>opulentia</span> <span class='ocrx_word' id='word_1_179' title='bbox 457 2759 545 2824; x_wconf 88' lang='lat' dir='ltr'>ditia.</span> <span class='ocrx_word' id='word_1_180' title='bbox 591 2760 719 2842; x_wconf 63' lang='lat' dir='ltr'>Ingens,</span> <span class='ocrx_word' id='word_1_181' title='bbox 743 2759 812 2822; x_wconf 88' lang='lat' dir='ltr'>auri</span> <span class='ocrx_word' id='word_1_182' title='bbox 846 2759 1034 2842; x_wconf 87' lang='lat' dir='ltr'>argentique</span> <span class='ocrx_word' id='word_1_183' title='bbox 1068 2759 1201 2843; x_wconf 90' lang='lat' dir='ltr'>pondus,</span> <span class='ocrx_word' id='word_1_184' title='bbox 1240 2779 1302 2824; x_wconf 93' lang='grc'><strong>11011</strong></span> 
     </span>
     <span class='ocr_line' id='line_1_25' title="bbox 265 2861 1303 2947; baseline 0.001 -19"><span class='ocrx_word' id='word_1_185' title='bbox 265 2863 350 2944; x_wconf 92' lang='lat' dir='ltr'>belli,</span> <span class='ocrx_word' id='word_1_186' title='bbox 376 2863 434 2928; x_wconf 89' lang='lat' dir='ltr'>sed</span> <span class='ocrx_word' id='word_1_187' title='bbox 457 2863 602 2927; x_wconf 82' lang='lat' dir='ltr'>luxuriae</span> <span class='ocrx_word' id='word_1_188' title='bbox 618 2869 813 2947; x_wconf 91' lang='lat' dir='ltr'>apparatum,</span> <span class='ocrx_word' id='word_1_189' title='bbox 839 2861 1035 2947; x_wconf 85' lang='lat' dir='ltr'>diripuerant</span> <span class='ocrx_word' id='word_1_190' title='bbox 1049 2863 1176 2929; x_wconf 90' lang='lat' dir='ltr'>milites.</span> <span class='ocrx_word' id='word_1_191' title='bbox 1213 2864 1303 2929; x_wconf 83' lang='lat' dir='ltr'>Oum-</span> 
     </span>
     <span class='ocr_line' id='line_1_26' title="bbox 266 2966 1303 3052; baseline 0 -21"><span class='ocrx_word' id='word_1_192' title='bbox 266 2987 327 3050; x_wconf 92' lang='lat' dir='ltr'>que</span> <span class='ocrx_word' id='word_1_193' title='bbox 350 2966 422 3051; x_wconf 89' lang='lat' dir='ltr'>plus</span> <span class='ocrx_word' id='word_1_194' title='bbox 445 2973 592 3050; x_wconf 86' lang='lat' dir='ltr'>raperent</span> <span class='ocrx_word' id='word_1_195' title='bbox 634 2989 733 3052; x_wconf 84' lang='lat' dir='ltr'>qaam</span> <span class='ocrx_word' id='word_1_196' title='bbox 763 2976 921 3052; x_wconf 82' lang='lat' dir='ltr'>caperent,</span> <span class='ocrx_word' id='word_1_197' title='bbox 952 2967 1072 3051; x_wconf 88' lang='lat' dir='ltr'>passim</span> <span class='ocrx_word' id='word_1_198' title='bbox 1094 2973 1192 3031; x_wconf 91' lang='lat' dir='ltr'>strata</span> <span class='ocrx_word' id='word_1_199' title='bbox 1213 2973 1303 3032; x_wconf 88' lang='lat' dir='ltr'>erant</span> 
     </span>
     <span class='ocr_line' id='line_1_27' title="bbox 264 3070 1303 3154; baseline -0.002 -18"><span class='ocrx_word' id='word_1_200' title='bbox 264 3071 377 3136; x_wconf 90' lang='lat' dir='ltr'>itinera</span> <span class='ocrx_word' id='word_1_201' title='bbox 400 3071 564 3136; x_wconf 86' lang='lat' dir='ltr'>vilioribus</span> <span class='ocrx_word' id='word_1_202' title='bbox 580 3070 719 3151; x_wconf 86' lang='lat' dir='ltr'>sarcinis,</span> <span class='ocrx_word' id='word_1_203' title='bbox 745 3089 824 3152; x_wconf 90' lang='lat' dir='ltr'>quas</span> <span class='ocrx_word' id='word_1_204' title='bbox 839 3070 871 3135; x_wconf 90' lang='lat' dir='ltr'>in</span> <span class='ocrx_word' id='word_1_205' title='bbox 887 3071 1122 3154; x_wconf 90' lang='lat' dir='ltr'>comparatione</span> <span class='ocrx_word' id='word_1_206' title='bbox 1138 3071 1303 3135; x_wconf 92' lang='lat' dir='ltr'>meliorum</span> 
     </span>
    </p>

    <p class='ocr_par' dir='ltr' id='par_1_9' title="bbox 214 3174 1303 3363">
     <span class='ocr_line' id='line_1_28' title="bbox 214 3174 1303 3259; baseline 0 -21"><span class='ocrx_word' id='word_1_207' title='bbox 214 3189 245 3238; x_wconf 86' lang='lat'>21</span> <span class='ocrx_word' id='word_1_208' title='bbox 265 3176 400 3244; x_wconf 88' lang='lat' dir='ltr'>avaritia</span> <span class='ocrx_word' id='word_1_209' title='bbox 434 3182 673 3259; x_wconf 89' lang='lat' dir='ltr'>contempserat.</span> <span class='ocrx_word' id='word_1_210' title='bbox 718 3175 848 3258; x_wconf 90' lang='lat' dir='ltr'>Iamque</span> <span class='ocrx_word' id='word_1_211' title='bbox 878 3175 921 3239; x_wconf 93' lang='lat' dir='ltr'>ad</span> <span class='ocrx_word' id='word_1_212' title='bbox 951 3174 1085 3240; x_wconf 85' lang='lat' dir='ltr'>feminas</span> <span class='ocrx_word' id='word_1_213' title='bbox 1115 3181 1303 3259; x_wconf 89' lang='lat' dir='ltr'>perventum</span> 
     </span>
     <span class='ocr_line' id='line_1_29' title="bbox 264 3279 1302 3363; baseline -0.001 -19"><span class='ocrx_word' id='word_1_214' title='bbox 264 3287 342 3362; x_wconf 91' lang='lat' dir='ltr'>erat,</span> <span class='ocrx_word' id='word_1_215' title='bbox 382 3280 497 3363; x_wconf 88' lang='lat' dir='ltr'>quibus</span> <span class='ocrx_word' id='word_1_216' title='bbox 535 3299 597 3362; x_wconf 92' lang='lat' dir='ltr'>quo</span> <span class='ocrx_word' id='word_1_217' title='bbox 636 3279 758 3344; x_wconf 88' lang='lat' dir='ltr'>cariora</span> <span class='ocrx_word' id='word_1_218' title='bbox 795 3286 976 3344; x_wconf 88' lang='lat' dir='ltr'>ornamenta</span> <span class='ocrx_word' id='word_1_219' title='bbox 1013 3285 1094 3360; x_wconf 90' lang='lat' dir='ltr'>sunt,</span> <span class='ocrx_word' id='word_1_220' title='bbox 1133 3279 1302 3344; x_wconf 89' lang='lat' dir='ltr'>violentius</span> 
     </span>
    </p>
   </div>
   <div class='ocr_carea' id='block_1_3' title="bbox 214 3382 1302 3988">
    <p class='ocr_par' dir='ltr' id='par_1_10' title="bbox 214 3382 1302 3988">
     <span class='ocr_line' id='line_1_30' title="bbox 265 3382 1302 3468; baseline -0.002 -20"><span class='ocrx_word' id='word_1_221' title='bbox 265 3383 529 3448; x_wconf 87' lang='lat' dir='ltr'>detrahebantur:</span> <span class='ocrx_word' id='word_1_222' title='bbox 556 3403 597 3447; x_wconf 91' lang='lat' dir='ltr'>ne</span> <span class='ocrx_word' id='word_1_223' title='bbox 621 3383 805 3468; x_wconf 90' lang='lat' dir='ltr'>corporibus</span> <span class='ocrx_word' id='word_1_224' title='bbox 829 3383 957 3466; x_wconf 91' lang='lat' dir='ltr'>quidem</span> <span class='ocrx_word' id='word_1_225' title='bbox 980 3383 1028 3449; x_wconf 90' lang='lat' dir='ltr'>vis</span> <span class='ocrx_word' id='word_1_226' title='bbox 1051 3404 1089 3448; x_wconf 89' lang='lat' dir='ltr'>ac</span> <span class='ocrx_word' id='word_1_227' title='bbox 1111 3382 1209 3447; x_wconf 90' lang='lat' dir='ltr'>libido</span> <span class='ocrx_word' id='word_1_228' title='bbox 1231 3403 1302 3467; x_wconf 90' lang='lat' dir='ltr'>par-</span> 
     </span>
     <span class='ocr_line' id='line_1_31' title="bbox 215 3485 1302 3571; baseline 0 -21"><span class='ocrx_word' id='word_1_229' title='bbox 215 3489 369 3558; x_wconf 76' lang='grc'><strong>12001101.</strong></span> <span class='ocrx_word' id='word_1_230' title='bbox 416 3487 509 3552; x_wconf 90' lang='lat' dir='ltr'>Omni</span> <span class='ocrx_word' id='word_1_231' title='bbox 531 3486 660 3570; x_wconf 90' lang='lat' dir='ltr'>planctu</span> <span class='ocrx_word' id='word_1_232' title='bbox 682 3487 891 3570; x_wconf 87' lang='lat' dir='ltr'>tumultuque,</span> <span class='ocrx_word' id='word_1_233' title='bbox 923 3495 1017 3571; x_wconf 88' lang='lat' dir='ltr'>prout</span> <span class='ocrx_word' id='word_1_234' title='bbox 1040 3487 1154 3569; x_wconf 91' lang='lat' dir='ltr'>cuique</span> <span class='ocrx_word' id='word_1_235' title='bbox 1177 3485 1302 3550; x_wconf 85' lang='lat' dir='ltr'>fortuna</span> 
     </span>
     <span class='ocr_line' id='line_1_32' title="bbox 265 3590 1301 3674; baseline -0.003 -17"><span class='ocrx_word' id='word_1_236' title='bbox 265 3599 341 3673; x_wconf 90' lang='lat' dir='ltr'>erat,</span> <span class='ocrx_word' id='word_1_237' title='bbox 377 3599 479 3656; x_wconf 89' lang='lat' dir='ltr'>castra</span> <span class='ocrx_word' id='word_1_238' title='bbox 512 3592 721 3674; x_wconf 88' lang='lat' dir='ltr'>repleverant,</span> <span class='ocrx_word' id='word_1_239' title='bbox 756 3611 815 3656; x_wconf 92' lang='lat' dir='ltr'>nec</span> <span class='ocrx_word' id='word_1_240' title='bbox 848 3591 914 3656; x_wconf 88' lang='lat' dir='ltr'>ulla</span> <span class='ocrx_word' id='word_1_241' title='bbox 946 3591 1044 3657; x_wconf 88' lang='lat' dir='ltr'>facies</span> <span class='ocrx_word' id='word_1_242' title='bbox 1074 3591 1149 3655; x_wconf 91' lang='lat' dir='ltr'>mali</span> <span class='ocrx_word' id='word_1_243' title='bbox 1183 3590 1301 3671; x_wconf 86' lang='lat' dir='ltr'>deerat,</span> 
     </span>
     <span class='ocr_line' id='line_1_33' title="bbox 266 3694 1300 3778; baseline -0.001 -19"><span class='ocrx_word' id='word_1_244' title='bbox 266 3715 337 3760; x_wconf 88' lang='lat' dir='ltr'>cum</span> <span class='ocrx_word' id='word_1_245' title='bbox 360 3715 417 3778; x_wconf 92' lang='lat' dir='ltr'>per</span> <span class='ocrx_word' id='word_1_246' title='bbox 440 3714 549 3760; x_wconf 90' lang='lat' dir='ltr'>omnes</span> <span class='ocrx_word' id='word_1_247' title='bbox 572 3694 699 3760; x_wconf 90' lang='lat' dir='ltr'>ordines</span> <span class='ocrx_word' id='word_1_248' title='bbox 714 3701 899 3777; x_wconf 88' lang='lat' dir='ltr'>aetatesque</span> <span class='ocrx_word' id='word_1_249' title='bbox 915 3695 1043 3760; x_wconf 89' lang='lat' dir='ltr'>victoris</span> <span class='ocrx_word' id='word_1_250' title='bbox 1067 3695 1239 3760; x_wconf 90' lang='lat' dir='ltr'>crudelitas</span> <span class='ocrx_word' id='word_1_251' title='bbox 1261 3715 1300 3758; x_wconf 90' lang='lat' dir='ltr'>ac</span> 
     </span>
     <span class='ocr_line' id='line_1_34' title="bbox 214 3799 1299 3884; baseline 0.002 -22"><span class='ocrx_word' id='word_1_252' title='bbox 214 3813 246 3862; x_wconf 83' lang='lat'>23</span> <span class='ocrx_word' id='word_1_253' title='bbox 265 3799 393 3864; x_wconf 90' lang='lat' dir='ltr'>licentia</span> <span class='ocrx_word' id='word_1_254' title='bbox 415 3805 595 3882; x_wconf 89' lang='lat' dir='ltr'>vagaretur.</span> <span class='ocrx_word' id='word_1_255' title='bbox 641 3800 731 3864; x_wconf 83' lang='lat' dir='ltr'>Tunc</span> <span class='ocrx_word' id='word_1_256' title='bbox 753 3819 830 3864; x_wconf 91' lang='lat' dir='ltr'>vero</span> <span class='ocrx_word' id='word_1_257' title='bbox 859 3800 1041 3884; x_wconf 90' lang='lat' dir='ltr'>impotentis</span> <span class='ocrx_word' id='word_1_258' title='bbox 1064 3799 1210 3864; x_wconf 84' lang='lat' dir='ltr'>fortunae</span> <span class='ocrx_word' id='word_1_259' title='bbox 1232 3818 1299 3883; x_wconf 90' lang='lat' dir='ltr'>spe·</span> 
     </span>
     <span class='ocr_line' id='line_1_35' title="bbox 266 3902 1299 3988; baseline -0.001 -21"><span class='ocrx_word' id='word_1_260' title='bbox 266 3903 330 3968; x_wconf 90' lang='lat' dir='ltr'>cies</span> <span class='ocrx_word' id='word_1_261' title='bbox 362 3902 500 3988; x_wconf 88' lang='lat' dir='ltr'>conspici</span> <span class='ocrx_word' id='word_1_262' title='bbox 531 3902 641 3988; x_wconf 90' lang='lat' dir='ltr'>potuit,</span> <span class='ocrx_word' id='word_1_263' title='bbox 674 3923 746 3966; x_wconf 93' lang='lat' dir='ltr'>cum</span> <span class='ocrx_word' id='word_1_264' title='bbox 776 3903 806 3983; x_wconf 92' lang='lat' dir='ltr'>ii,</span> <span class='ocrx_word' id='word_1_265' title='bbox 839 3903 893 3986; x_wconf 92' lang='lat' dir='ltr'>qui</span> <span class='ocrx_word' id='word_1_266' title='bbox 924 3905 1031 3968; x_wconf 89' lang='lat' dir='ltr'>Dareo</span> <span class='ocrx_word' id='word_1_267' title='bbox 1061 3902 1299 3969; x_wconf 89' lang='lat' dir='ltr'>tabernaculum</span> 
     </span>
    </p>
   </div>
   <div class='ocr_carea' id='block_1_4' title="bbox 0 0 1518 4322">
    <p class='ocr_par' dir='ltr' id='par_1_11' title="bbox 0 0 1518 4322">
     <span class='ocr_line' id='line_1_36' title="bbox 0 0 1518 4322; baseline 0 4"><span class='ocrx_word' id='word_1_268' title='bbox 0 0 1518 4322; x_wconf 95' lang='lat' dir='ltr'> </span> 
     </span>
    </p>
   </div>
  </div>
 </body>
</html>
