3040 4318
398 123 649 180 HISTORIARUM
667 124 882 178 ALEXANDRI
900 125 938 179 lV
959 129 999 178 12.
1020 129 1060 179 13.
1215 129 1252 190 71

213 335 312 402 oulari
334 334 429 399 modo
451 333 557 398 iussus
582 337 656 412 erat,
682 331 724 396 ad
746 331 887 396 Dareum
909 330 1013 396 rediit.
1061 329 1254 396 Macedones
1275 348 1307 397 11

213 460 286 505 eum
322 439 426 522 ipsum
463 437 585 517 collem,
627 457 723 518 quam
761 435 954 516 deseruerat,
1002 443 1255 520 occupaverunt:

212 563 285 607 nam
308 548 340 606 et
362 541 458 606 tutior
479 539 609 624 planitie
634 545 701 604 erat
724 544 756 603 et
780 536 858 602 inde
882 537 969 603 acies
992 537 1140 620 hostium,
1173 559 1255 621 quae

212 647 244 710 in
275 665 386 730 campo
417 644 644 729 explicabatur,
681 642 822 727 conspici
856 649 993 726 poterat.
1041 643 1107 708 Sed
1138 643 1251 726 caligo,
1272 659 1306 709 20

213 771 309 833 quam
332 749 417 814 circa
440 747 562 813 humidi
593 745 771 812 effuderant
801 753 933 828 montes,
965 745 1147 812 universam
1170 747 1255 830 equi-

213 852 287 918 dem
320 851 367 918 rei
399 851 517 916 faciem
550 871 614 914 non
648 850 787 931 abstulit,
823 857 965 914 ceterum
999 849 1164 932 agminum
1193 850 1255 915 dis·

214 957 345 1021 crimina
377 963 473 1038 atque
507 955 651 1020 ordinem
685 953 847 1038 prohibuit
880 953 1029 1038 perspici.
1084 954 1253 1021 Multitudo

213 1059 422 1126 inundaverat
445 1079 582 1143 campos,
607 1059 816 1140 fremitusque
831 1065 878 1123 tot
893 1058 1015 1123 milium
1031 1058 1128 1123 etiam
1143 1061 1254 1143 procul

214 1164 365 1229 stantium
379 1183 472 1229 aures
487 1163 683 1248 impleverat.
722 1161 885 1227 Fluctuari
907 1162 1014 1227 animo
1037 1183 1094 1228 rex
1111 1170 1143 1228 et
1159 1163 1254 1229 modo
1272 1180 1304 1229 21

214 1289 314 1351 suum,
350 1269 444 1334 modo
475 1267 692 1333 Parmenionis
728 1267 893 1332 consilium
927 1287 1000 1332 sera
1033 1267 1254 1335 aestimatione

213 1371 427 1458 perpendere:
459 1372 577 1456 quippe
602 1391 640 1436 eo
662 1379 792 1436 ventum
823 1379 898 1452 erat,
930 1371 1014 1436 unde
1044 1372 1144 1456 recipi
1168 1394 1255 1438 exer·

214 1477 302 1558 citus,
335 1477 396 1541 uisi
418 1477 528 1557 victor,
560 1475 628 1540 sine
659 1475 750 1540 clade
781 1495 844 1538 non
867 1483 985 1560 posset.
1030 1476 1142 1558 ltaque
1165 1476 1255 1543 dissi·
1272 1493 1306 1542 22

212 1582 332 1645 11111110
355 1600 474 1665 pavore
497 1579 749 1644 mercennarium
778 1579 917 1662 equitem
941 1601 981 1645 ex
1003 1579 1143 1645 Paeonia
1165 1602 1254 1665 prae-

213 1683 328 1748 cedere
350 1683 447 1749 iubet.
493 1663 569 1766 Ipse
591 1682 794 1768 phalangem,
826 1682 908 1748 sicut
931 1690 1025 1748 antea
1048 1682 1173 1748 dictum
1196 1692 1253 1766 est,
1273 1700 1306 1750 23

213 1787 247 1850 in
284 1786 347 1851 duo
385 1805 504 1851 cornua
541 1785 746 1850 extenderat:
788 1792 957 1868 utrumque
994 1807 1092 1851 cornu
1131 1787 1254 1870 equites

214 1892 376 1974 tegebant.
421 1891 553 1973 Iamque
576 1889 706 1954 nitidior
728 1891 792 1972 lux,
818 1890 964 1956 discussa
980 1891 1127 1974 caligine,
1151 1891 1255 1957 aciem

214 1994 354 2060 hostium
385 1994 574 2075 ostenderat,
607 2001 638 2058 et
669 1993 862 2060 Macedones
893 1994 960 2059 sive
990 1995 1155 2060 alacritate
1186 1996 1254 2061 sive

214 2099 320 2164 taedio
345 2099 575 2184 expectationis
598 2099 759 2182 ingentem
782 2099 992 2184 pugnantium
1015 2121 1101 2166 more
1126 2099 1255 2166 edidere

215 2203 397 2268 clamorem.
456 2201 613 2268 Redditus
652 2209 683 2268 et
720 2223 740 2266 a
779 2201 884 2268 Persis
923 2222 1054 2268 nemora
1091 2204 1255 2286 vallesque

215 2307 435 2372 circumiectas
453 2306 586 2372 terribili
609 2326 686 2372 sono
702 2307 905 2390 impleverat:
929 2327 989 2372 nec
1011 2307 1076 2371 iam
1100 2308 1255 2374 contineri
1273 2325 1307 2375 24

215 2411 408 2476 Macedones
430 2417 587 2495 poterant,
611 2411 687 2494 quin
711 2431 805 2476 cursu
829 2432 954 2494 quoque
977 2411 1019 2476 ad
1042 2411 1166 2477 hostem
1182 2431 1255 2476 con·

214 2517 390 2583 tenderent.
426 2517 540 2582 Melius
563 2516 668 2582 adhuc
691 2525 788 2599 ratus,
812 2518 844 2582 in
871 2518 985 2584 eodem
1007 2519 1128 2583 tumulo
1152 2526 1256 2584 castra

215 2622 347 2703 munire,
377 2645 436 2685 111
465 2623 583 2686 vallum
613 2621 676 2686 iaci
706 2622 797 2687 iussit
836 2629 1025 2706 strenueque
1056 2643 1153 2707 opere
1186 2644 1255 2707 per·

216 2725 299 2791 fecto
323 2725 356 2789 in
377 2726 625 2806 tabernaculum,
658 2747 697 2791 ex
727 2747 789 2809 quo
819 2733 886 2791 tota
909 2726 996 2792 acies
1022 2725 1160 2792 hostium
1183 2747 1255 2791 con-

216 2830 417 2914 spiciebatur,
441 2829 583 2896 secessit.

657 3005 722 3059 Gar.
741 3006 813 3059 ΧΙΙΙ,

161 3147 205 3218 47
321 3143 403 3208 Tum
437 3164 513 3209 vero
547 3142 698 3209 universa
730 3143 830 3208 futuri
865 3144 1058 3210 discriminis
1088 3145 1189 3210 facies
1221 3145 1287 3209 inr

214 3247 315 3314 oculis
338 3255 422 3312 erat:
454 3247 553 3312 armis
576 3246 760 3329 insignibus
784 3248 858 3328 equi
881 3247 1006 3331 virique
1031 3247 1252 3332 splendebant,

215 3359 248 3417 et
269 3351 376 3416 omnia
406 3351 575 3416 intentiore
605 3370 682 3415 cura
711 3351 899 3436 praeparari
929 3350 1016 3435 apud
1046 3351 1171 3417 hostem
1194 3351 1253 3417 sol-

213 3453 346 3520 licitudo
370 3464 551 3539 praetorum
582 3456 712 3537 agmina
742 3475 800 3519 sua
830 3455 1128 3537 interequitantium
1150 3461 1254 3520 osteu-

215 3561 320 3642 debat,
344 3581 383 3624 ac
405 3560 558 3644 pleraque
581 3559 690 3624 inania
714 3597 753 3606 —
792 3559 875 3626 sicut
907 3558 1055 3625 fremitus
1078 3559 1251 3642 hominum,
1272 3575 1289 3624 2

216 3685 369 3746 equorum
385 3664 538 3745 hinnitus,
554 3683 714 3730 armorum
726 3663 979 3730 internitentium
992 3666 1098 3748 fulgor
1116 3704 1160 3711 —
1172 3667 1254 3730 solli·

216 3769 311 3834 eitam
346 3769 568 3854 expectatione
602 3776 741 3834 mentem
774 3769 990 3834 turbaverant.
1036 3770 1149 3853 Igitur,
1184 3770 1288 3840 sive3
