3028 4322
380 248 632 303 HISTORIARUM
650 249 867 305 ALEXANDRI
887 253 925 304 lll
946 255 985 304 ll.
1006 253 1046 304 12.
1194 253 1236 314 25

196 464 437 536 exornaverant,
462 457 546 521 omni
568 457 645 521 luxu
668 465 699 522 et
722 457 884 542 opulentia
899 458 1096 540 instructum,
1121 458 1235 524 eadem

195 559 251 623 illa
273 559 465 640 Alexandro,
491 561 581 644 quasi
604 561 703 628 veteri
726 561 864 642 domino,
889 564 1106 628 reservabant.
1141 563 1236 627 Nam-

196 685 258 747 que
293 665 327 730 id
360 668 463 732 solum
495 667 649 734 intactum
680 669 853 734 omiserant
882 669 1008 751 milites,
1043 669 1090 734 ita
1122 669 1238 736 tradito

196 787 294 850 more,
326 778 361 834 ut
390 771 543 836 victorem
572 771 648 836 victi
681 772 769 855 regis
803 772 1009 837 tabernaculo
1043 773 1237 858 exciperent.

144 867 186 940 29
198 872 264 938 Sed
300 875 438 940 omnium
476 877 584 941 oculos
623 877 808 959 animosque
845 877 878 941 in
915 884 1018 942 semet
1054 885 1289 943 averterentur

195 978 340 1062 captivae
373 987 474 1044 mater
508 981 688 1063 coniuxque
723 981 839 1046 Darei:
877 980 934 1048 illa
970 1001 1032 1046 non
1070 982 1237 1047 maiestate

194 1081 306 1164 solum,
331 1082 390 1148 sed
411 1084 508 1148 etiam
523 1091 628 1150 aetate
643 1085 844 1166 venerabilis,
869 1084 948 1150 haec
964 1084 1085 1150 formae
1100 1085 1237 1170 pulchri·
1305 1139 1308 1144 i

194 1184 305 1255 tudine
335 1208 376 1252 ne
405 1188 462 1254 illa
495 1188 625 1272 quidem
660 1196 744 1254 sorte
775 1196 951 1274 corruptae.
997 1188 1176 1274 Receperat
1204 1189 1236 1253 in

195 1289 299 1355 sinum
323 1290 422 1357 filium
445 1294 586 1358 nondum
617 1300 743 1359 sextum
773 1303 891 1358 annum
921 1294 1037 1359 aetatis
1061 1314 1234 1377 egressum,

194 1394 226 1458 in
249 1413 340 1479 spem
361 1403 469 1462 tantae
493 1397 647 1479 fortunae,
672 1403 822 1481 quantam
845 1405 937 1483 pater
959 1398 1028 1463 eius
1051 1398 1147 1481 paulo
1162 1405 1236 1464 ante

193 1498 351 1581 amiserat,
376 1501 529 1584 genitum.
577 1502 619 1566 At
642 1502 675 1567 in
706 1503 828 1586 gremio
858 1521 938 1567 anus
968 1502 1061 1568 aviae
1091 1502 1237 1568 iacebant
1256 1516 1288 1566 25

194 1602 324 1669 adultae
347 1604 429 1671 duae
452 1607 602 1690 virgines,
626 1627 690 1672 non
714 1627 772 1672 suo
793 1614 926 1688 tantum,
955 1607 1012 1672 sed
1035 1607 1130 1672 etiam
1152 1607 1237 1672 illius

193 1729 338 1775 maerore
373 1711 548 1777 confectae.
593 1711 712 1794 Ingens
747 1712 831 1776 circa
865 1732 936 1777 eam
966 1712 1119 1778 nobilium
1149 1711 1236 1778 femi-

193 1833 304 1877 narum
335 1817 430 1881 turba
461 1803 646 1881 constiterat
676 1817 825 1882 laceratis
860 1816 997 1881 crinibus
1032 1816 1237 1898 abscissaque

194 1923 291 1998 veste,
323 1919 448 2003 pristini
479 1919 604 1986 decoris
627 1919 839 2001 immemores,
871 1919 999 2004 reginas
1029 1919 1236 2002 dominasque

193 2021 278 2086 veris
301 2022 470 2105 quondam,
487 2031 563 2089 tunc
586 2023 700 2090 alienis
714 2024 895 2090 nominibus
915 2023 1109 2089 invocantes.
1143 2023 1233 2105 Illae,
1255 2036 1288 2086 26

194 2139 273 2193 suae
295 2127 485 2193 calamitatis
508 2127 634 2209 oblitae,
666 2128 699 2192 in
722 2135 793 2192 utro
817 2147 914 2193 cornu
937 2127 1063 2193 Dareus
1086 2127 1234 2208 stetisset,

194 2252 276 2315 quae
299 2231 425 2298 fortuma
448 2231 640 2297 discriminis
667 2232 788 2314 fuisset,
821 2231 1042 2315 requirebant:
1073 2231 1236 2315 negabant

193 2356 229 2401 se
259 2342 379 2422 captas,
415 2335 442 2401 si
475 2335 599 2401 viveret
632 2356 698 2401 rex.
746 2333 812 2401 Sed
844 2335 945 2416 illum,
969 2355 1068 2418 equos
1099 2333 1235 2400 subinde

193 2446 379 2521 mutantem,
402 2439 530 2522 longius
553 2439 632 2523 fuga
653 2439 866 2504 abstulerat..

296 2544 334 2608 In
356 2543 425 2608 acic
447 2549 555 2608 autem
578 2563 671 2610 caesa
694 2549 767 2608 sunt
789 2543 958 2608 Persarum
981 2541 1159 2627 peditumc
1178 2541 1234 2606 mi·
1253 2555 1287 2604 27

194 2647 245 2728 lia,
277 2647 390 2714 decem
413 2647 566 2731 equitum.
612 2648 655 2712 At
677 2669 697 2712 a
719 2655 810 2733 parte
833 2646 1007 2712 Alexandri
1031 2654 1180 2730 quattuor
1202 2653 1234 2710 et

194 2752 359 2835 quingenti
382 2752 481 2816 saucii
505 2751 604 2832 fuere,
629 2773 669 2817 ex
692 2751 854 2836 peditibus
877 2762 942 2816 CCC
966 2751 1092 2815 omnino
1115 2758 1147 2815 et
1170 2749 1233 2814 duo

194 2855 367 2922 desiderati
389 2863 472 2937 sunt,
494 2853 638 2939 'equitum
661 2863 786 2921 centum
811 2855 1043 2939 quinquaginta
1065 2854 1231 2919 interfecti.

194 2959 334 3026 Tantulo
356 2961 519 3045 impendio
541 2961 655 3044 ingens
678 2960 812 3026 victoria
839 2959 936 3028 stetit.

642 3152 708 3206 otc.
728 3152 787 3227 XlI.

142 3271 184 3344 30
297 3271 375 3352 Rex,
398 3270 523 3336 avidius
547 3272 689 3336 Dareum
719 3270 942 3356 persequendo
966 3269 1129 3353 fatigatus,
1150 3276 1265 3353 post-1

194 3395 289 3458 quam
313 3383 344 3441 et
366 3396 429 3440 nox
451 3377 624 3461 appetebat
655 3384 687 3441 et
717 3374 933 3459 consequendi
964 3394 1038 3458 spes
1068 3393 1131 3438 non
1154 3381 1230 3454 erat,

193 3480 225 3544 in
259 3486 363 3545 castra
395 3479 491 3564 paulo
521 3487 595 3544 ante
628 3501 648 3544 a
682 3480 747 3545 suis
779 3487 872 3564 capta
901 3479 1055 3562 pervenit
1100 3478 1267 3543 Invitari2

194 3583 309 3650 deinde
331 3583 460 3665 amicos,
485 3585 600 3667 quibus
616 3585 751 3649 maxime
772 3591 964 3665 assueverat,
988 3584 1089 3663 iussit,
1115 3582 1232 3666 quippe

193 3708 317 3753 summa
346 3688 512 3752 dumtaxat
542 3688 622 3753 cutis
656 3688 688 3752 in
722 3688 839 3753 femine
874 3687 1042 3772 perstricta
1070 3707 1134 3751 non
1164 3707 1232 3770 pro-

193 3792 324 3859 hibebat
360 3793 515 3857 interesse
553 3792 717 3858 convivio:
757 3812 828 3857 cum
865 3799 996 3876 repente
1033 3812 1052 3856 e
1088 3790 1267 3876 proximos

193 3898 398 3962 tabernaculo
421 3897 567 3980 lugubris
592 3897 718 3976 clamor,
734 3896 870 3961 barbaro
894 3894 1016 3959 ululatu
1039 3893 1232 3978 planctuque
