2976 4322
256 243 509 300 HISTORIARUM
527 246 742 302 ALEXANDRI
760 249 825 303 VIII
844 253 884 304 m.
1022 251 1095 317 '245

105 456 171 514 rtem
191 450 309 516 mentis.
338 451 421 515 Tum
443 449 569 516 beluam
590 452 624 518 in
647 453 756 537 fugam
779 456 925 538 concitat,
942 464 1094 540 sequente
1113 471 1147 523 34
1224 494 1226 500 -

105 553 253 618 texandro:
278 554 336 619 sed
359 574 460 638 equus
483 555 551 622 eius
580 557 687 622 multis
710 559 895 625 vulneribus
926 561 1095 627 confossus

105 656 274 740 >dolensque
296 659 472 741 procubuit,
496 660 602 744 posito
628 661 732 744 magis
762 683 837 746 rege
864 683 959 746 quam
982 665 1093 730 effuso.

105 781 181 843 aque,
203 761 275 828 dum
293 783 409 846 equum
424 770 533 845 mutat,
557 763 680 834 tardius
695 764 857 832 insecutus
880 774 937 832 est.
963 768 1094 834 Interim
1113 783 1147 836 35

105 872 160 931 tter
180 866 307 948 Taxilis,
331 866 417 951 regis
440 867 601 949 Indorum,
625 869 822 954 praemissus
846 871 888 935 ab
911 871 1095 938 Alexandro

105 991 186 1036 mere
210 971 316 1056 coepit
345 973 471 1054 Porum,
495 993 535 1039 ne
564 973 676 1038 ultime
706 973 842 1059 experiri
876 979 1094 1060 perseveraret

107 1074 248 1158 deretqne
281 1095 317 1142 se
349 1075 470 1142 victori.
517 1077 560 1142 At
593 1077 657 1158 ille,
693 1098 885 1162 quamquam
918 1079 1093 1147 exhaustae
1113 1087 1146 1146 36

105 1186 150 1242 ant
166 1179 256 1260 vires,
273 1179 505 1263 deficiebatque
521 1181 664 1264 sanguis,
680 1189 785 1246 tamen
803 1182 846 1247 ad
861 1189 968 1248 notam
983 1203 1095 1250 vocem

105 1284 221 1364 citatus,
248 1283 429 1368 ‘Agnosco',
472 1284 583 1368 inquit,
611 1285 748 1351 ‘Taxilis
789 1285 929 1368 fratrem,
967 1287 1094 1372 imperii

105 1389 208 1472 gnique
230 1387 278 1453 sui
301 1388 478 1472 proditoris'
504 1395 535 1454 et
564 1389 670 1469 telum,
696 1389 782 1472 quod
804 1410 901 1454 unum
923 1390 1006 1455 forte
1031 1412 1094 1456 non

105 1491 231 1574 luxerat,
258 1493 410 1559 contorsit
437 1493 472 1558 in
496 1511 585 1558 eum:
610 1493 695 1576 quod
729 1513 787 1576 per
820 1494 960 1558 medium
982 1502 1094 1580 pectus

105 1597 232 1662 retranit
258 1597 299 1661 ad
333 1605 466 1680 tergum.
513 1597 583 1662 Hoc
604 1596 716 1662 ultimo
739 1598 864 1664 virtutis
887 1619 982 1683 opere
1005 1598 1093 1664 edito
1113 1615 1146 1666 37

105 1721 168 1782 ,rere
190 1701 292 1767 acrius
318 1701 434 1786 coepit,
458 1699 515 1766 sed
541 1699 730 1786 elephantus
754 1721 889 1784 quoquc,
913 1702 966 1784 qui
997 1703 1096 1768 multa

105 1811 224 1889 ceperat
238 1805 311 1885 tela,
329 1804 507 1871 deficiebat.
531 1805 644 1887 ltaque
660 1804 743 1870 sistit
758 1805 868 1888 fugam
891 1805 1095 1890 peditemque

105 1909 197 1990 [uenti
220 1909 303 1974 hosti
330 1909 455 1975 obiecit.
502 1909 571 1973 Iam
594 1908 777 1974 Alexander
807 1916 994 1975 consecutus
1025 1917 1092 1976 erat
1112 1923 1145 1974 38

119 2012 291 2097 pertinacia
314 2013 388 2079 Pori
421 2013 559 2096 cognita,
591 2012 720 2079 vetabat
752 2014 973 2080 resistentibus
996 2015 1093 2099 parci.

105 2137 140 2200 30
170 2117 310 2200 undique
340 2124 372 2182 et
404 2117 438 2181 in
466 2117 592 2202 pedites
622 2124 654 2182 et
684 2117 716 2182 in
746 2117 851 2202 ipsum
884 2118 1000 2182 Porum
1029 2119 1094 2183 tela

106 2227 207 2303 rgesta
226 2227 309 2302 sunt,
325 2221 394 2304 quIs
410 2220 541 2286 tandem
559 2227 710 2304 gravatus
726 2221 791 2287 labi
812 2242 852 2287 ex
866 2221 963 2286 belua
978 2221 1092 2306 coepit.

106 2324 161 2404 lus,
195 2325 250 2408 qui
280 2325 484 2410 elephantum
510 2325 652 2407 regebat,
673 2324 867 2391 descendere
899 2346 970 2390 eum
993 2333 1089 2406 ratus,
1111 2340 1144 2390 39

107 2451 137 2494 re
162 2429 257 2494 solito
274 2427 478 2513 elephantum
501 2429 709 2514 procumbere
733 2427 825 2492 iussit
847 2428 880 2492 in
903 2448 1025 2512 genua:
1043 2430 1097 2512 qui

107 2557 143 2601 se
166 2534 335 2615 summisit,
359 2535 455 2601 ceteri
480 2555 605 2618 quoque
623 2534 723 2599 -ita
746 2535 829 2600 enim
851 2534 988 2600 instituti
1008 2541 1098 2599 erant

116 2639 276 2706 demisere
307 2659 438 2724 corpora
468 2640 500 2704 in
530 2646 657 2704 terram.
703 2639 751 2703 Ea
781 2659 831 2704 res
862 2645 893 2703 et
923 2638 1039 2702 Porum
1066 2645 1097 2702 et

108 2764 175 2810 eros
207 2743 381 2809 victoribus
411 2743 552 2808 tradidit.
599 2742 668 2808 Rex
702 2741 830 2827 spoliari
864 2761 978 2826 corpus
1012 2741 1096 2822 Pori,
1116 2755 1150 2806 40

108 2855 279 2932 tremptum
303 2866 373 2913 esse
389 2847 531 2927 credens,
556 2847 643 2914 iubet
666 2854 707 2928 et,
732 2847 785 2928 qui
805 2845 1006 2912 detraherent
1028 2845 1099 2910 lori-

109 2975 117 3016 r
142 2958 344 3035 vestemque,
368 2972 569 3017 concurrere:
601 2971 672 3016 cum
701 2951 798 3016 belua
825 2950 985 3014 dominum
1015 2949 1098 3014 tueri

111 3055 296 3140 spoliantes
330 3055 436 3140 coepit
467 3062 618 3140 appetere
651 3054 854 3137 levatumque
885 3072 1000 3137 eorpus
1030 3053 1097 3119 cius

109 3179 155 3224 rus
181 3159 280 3225 dorso
304 3179 361 3225 suo
383 3161 555 3244 imponere.
579 3161 665 3242 Ergo
685 3159 757 3224 telis
781 3157 920 3240 undique
944 3157 1095 3237 obruitur,

110 3265 268 3347 fessoque
284 3283 322 3330 eo
340 3264 373 3328 in
395 3263 577 3330 vehiculum
599 3265 699 3328 Porus
714 3262 895 3348 imponitur.
922 3261 1024 3339 Quem
1040 3282 1097 3326 rex
1115 3275 1147 3325 41

112 3368 200 3433 vidit
233 3369 427 3435 allevantem
457 3368 574 3450 oculos,
606 3386 670 3432 non
700 3365 783 3448 odio,
807 3365 865 3431 sed
895 3365 1098 3431 miseratione

111 3479 240 3555 motus,
273 3470 387 3553 ‘Quae
426 3472 563 3553 malum’,
598 3471 707 3554 inquit,
738 3471 889 3536 ‘amentia
922 3477 953 3534 te
981 3469 1097 3552 coegit,

111 3599 148 3640 m
186 3597 334 3641 mearum
368 3575 497 3660 cognita
526 3576 612 3640 fama
649 3575 726 3640 belli
764 3574 921 3639 fortunam
953 3573 1098 3657 experiri,

126 3680 264 3746 Taxilis
280 3687 365 3747 esset
380 3681 413 3745 in
437 3679 563 3744 deditos
580 3679 767 3744 clementiae
786 3698 877 3742 meae
892 3683 957 3740 tam
972 3677 1098 3761 propin-

112 3808 141 3848 m
167 3784 233 3851 tibi
257 3783 474 3870 exempluml'
521 3783 564 3848 At
586 3784 649 3863 ille,
670 3782 859 3861 ‘Quoniam
887 3780 997 3864 inquit,
1018 3783 1096 3866 ‘per·
1116 3802 1149 3851 42

113 3889 197 3970 aris,
224 3887 427 3974 respondebo
450 3909 489 3953 ea
511 3887 668 3968 libertate,
690 3906 784 3968 quam
807 3883 1030 3968 interrogando
1054 3884 1097 3950 fe·
