2976 4322
368 195 621 250 HISTORIARUM
638 195 853 249 ALEXANDRI
870 195 935 248 VIII
953 197 977 247 5.
997 197 1021 248 6.
1148 193 1211 258 219

134 399 170 471 20
280 402 402 486 Aequis
424 403 554 470 auribus
570 403 791 485 Callisthenes,
816 402 915 468 veluti
930 401 1048 466 vindex
1063 400 1210 485 publicae
1230 420 1264 470 20

175 506 336 589 libertatis,
352 507 549 573 audiebatur.
567 508 778 594 Expresserat
793 527 857 572 non
872 505 1090 572 assensionem
1104 505 1208 585 modo,

176 611 230 676 sed
253 611 348 676 etiam
364 632 477 678 vocem
493 613 653 678 seniorum
675 611 856 698 praecipue,
874 611 989 694 quibus
1011 609 1120 693 gravis
1143 616 1212 674 erat

176 715 341 781 inveterati
363 717 460 782 moris
484 724 616 782 externa
638 716 782 782 mutatio.
805 717 875 781 Nec
901 715 1070 798 quicquam
1090 734 1207 795 eorum,
1228 725 1259 774 21

176 839 254 901 quae
266 820 403 885 invicem
415 820 533 886 iactata
547 829 644 902 erant,
657 842 714 886 rex
725 820 903 904 ignorabat,
917 840 989 884 cum
1003 825 1077 904 post
1088 818 1210 900 aulaea,

175 943 255 1006 quae
271 924 363 990 lectis
386 923 573 1003 obduxerat,
597 932 703 990 staret.
728 924 832 1007 Igitur
854 925 896 989 ad
913 923 997 1005 Agin
1013 929 1045 988 et
1060 921 1211 986 Cleonem

174 1027 264 1108 misit,
289 1035 323 1091 ut
346 1048 491 1094 sermone
514 1028 602 1094 finito
625 1029 778 1094 barbaros
800 1036 931 1110 tantum,
957 1048 1029 1092 cum
1052 1026 1210 1106 intrasset,

173 1131 380 1216 procumbere
415 1153 473 1198 suo
507 1154 594 1198 more
617 1139 812 1219 paterentur,
837 1139 868 1197 et
892 1133 988 1218 paulo
1011 1138 1093 1215 post,
1119 1130 1210 1213 quasi

173 1234 296 1320 potiora
333 1235 491 1318 quaedam
528 1237 656 1319 egisset,
704 1237 887 1302 convivium
923 1235 1046 1320 repetit.
1109 1234 1211 1312 Quem
1230 1245 1263 1294 22

172 1339 395 1404 venerantibus
411 1341 518 1406 Persis
530 1341 743 1426 Polypercon,
761 1342 814 1423 qui
831 1340 968 1406 cubabat
983 1360 1079 1423 super
1093 1359 1210 1421 regem,

172 1462 269 1506 unum
291 1463 332 1508 ex
354 1443 394 1508 iis
417 1451 523 1510 mento
548 1445 784 1528 contingentem
807 1446 938 1510 humum
960 1465 1018 1529 per
1039 1442 1211 1508 ludibrium

172 1547 277 1631 coepit
299 1547 428 1629 hortari,
460 1555 495 1612 ut
524 1549 744 1615 vehementius
775 1549 809 1614 id
839 1556 985 1632 quateret
1013 1547 1056 1612 ad
1085 1554 1209 1627 terram,

172 1649 343 1732 elicuitque
366 1651 444 1714 iram
467 1651 651 1734 Alexandri,
677 1674 771 1735 quam
795 1655 871 1718 olim
894 1652 1000 1718 animo
1017 1671 1131 1739 capere
1147 1671 1211 1715 non

171 1761 304 1838 poterat.
351 1756 466 1838 Itaque
488 1777 554 1837 rex,
582 1757 645 1822 ‘tu
674 1759 807 1838 autem,
839 1756 950 1840 inquit,
979 1758 1056 1820 ‘non
1082 1774 1211 1820 venera-

171 1856 254 1924 beris
277 1857 354 1924 me‘?
398 1880 439 1924 an
472 1860 530 1924 tibi
559 1861 614 1926 uni
645 1861 733 1944 digni
756 1861 901 1926 videmur
931 1880 1002 1925 esse
1032 1857 1208 1924 ludibrio?
1230 1867 1263 1916 23

170 1963 229 2026 Ille
251 1982 311 2028 nec
333 1983 442 2045 regem
465 1963 603 2029 ludibrio
626 1986 686 2029 nec
718 1986 752 2030 se
776 1971 959 2048 contemptu
983 1963 1115 2046 dignum
1139 1981 1210 2026 esse

170 2066 344 2150 respondit.
382 2067 465 2132 Tum
488 2068 665 2134 detractum
688 2089 760 2133 eum
782 2069 865 2133 lecto
889 2089 946 2132 rex
968 2066 1156 2153 praecipitat
1178 2065 1211 2128 in
1230 2075 1263 2124 24

169 2176 286 2234 terram
309 2177 350 2250 et,
383 2191 454 2235 cum
478 2172 506 2236 is
528 2192 648 2257 pronus
679 2172 859 2252 corruisset,
886 2171 1067 2250 ‘Videsne’‚
1098 2169 1211 2252 inquit,

166 2273 265 2338 ‘idem
291 2273 418 2360 fecisse,
450 2275 537 2358 quod
565 2276 598 2340 in
629 2275 692 2341 alio
722 2276 820 2362 paulo
850 2283 924 2340 ante
954 2271 1125 2339 ridebas‘?’
1170 2273 1211 2336 nt

168 2377 252 2442 tradi
275 2398 314 2444 eo
336 2378 370 2443 in
393 2379 570 2444 custodiam
591 2380 679 2446 iusso
702 2379 884 2445 convivium
907 2378 1012 2444 solvit.

631 2571 696 2624 Gar.
715 2571 762 2625 VI.

275 2690 502 2775 Polyperconti
514 2690 642 2772 quidem
665 2697 786 2775 postea,
808 2691 964 2773 castigato
988 2689 1052 2770 diu,
1077 2688 1210 2771 ignovit.
1230 2700 1243 2747 1

170 2794 209 2858 In
225 2793 450 2874 Callisthenen,
474 2794 549 2858 olim
568 2794 770 2859 contumacia
781 2802 972 2879 suspectum,
986 2792 1210 2878 pervicacioris

112 2891 155 2963 21
174 2897 240 2962 irae
263 2897 339 2962 fuit:
363 2898 454 2962 cuius
480 2897 658 2982 explendae
684 2905 807 2962 matura
822 2898 951 2963 obvenit
966 2897 1101 2962 occasio.
1140 2897 1210 2961 Mos
1230 2906 1245 2955 2

171 3009 247 3080 erat,
261 3008 296 3066 ut
311 3022 408 3086 supra
423 3002 543 3066 dictum
559 3009 616 3083 est,
633 3002 829 3087 principibus
845 3001 1065 3081 Macedonum,
1083 3000 1210 3066 adultos

170 3104 288 3170 liberos
310 3105 441 3187 regibus
463 3105 589 3170 tradere
612 3105 654 3170 ad
669 3106 778 3170 munia
792 3105 878 3170 haud
894 3107 1027 3169 multum
1043 3103 1210 3168 servilibus

171 3208 352 3274 ministeriis
389 3209 602 3274 abhorrentia.
649 3210 868 3289 Excubabant,
898 3208 1032 3274 servatis
1069 3207 1244 3271 noctium3

171 3311 306 3396 vicibus,
330 3313 465 3398 proximi
487 3312 610 3378 foribus
634 3313 702 3378 eius
725 3312 824 3392 aedis,
854 3313 886 3376 in
910 3333 973 3394 qua
995 3332 1052 3376 rex
1086 3310 1211 3393 acquie-

172 3417 291 3482 scebat.
323 3418 385 3482 Per
407 3417 466 3482 hos
489 3417 610 3502 pelices
633 3417 915 3482 introducebantur
929 3416 993 3480 alio
1009 3415 1098 3480 aditu
1115 3435 1209 3497 quarn

172 3541 265 3603 quem
288 3521 401 3585 armati
425 3520 625 3586 obsidebant.
665 3521 756 3586 Idem
778 3528 928 3606 acceptos
950 3519 991 3584 ab
1013 3517 1209 3602 agasonibus
1227 3529 1245 3580 4

172 3645 280 3707 equos,
313 3645 386 3689 cum
408 3645 465 3690 rex
495 3645 686 3691 ascensurus
716 3631 810 3706 esset,
842 3624 1056 3688 admovebant
1083 3622 1210 3686 comita·

171 3727 351 3811 banturque
382 3737 413 3793 et
446 3736 615 3794 venantem
649 3737 681 3795 et
710 3730 743 3792 in
773 3728 912 3814 proeliis,
949 3746 1058 3792 omnes
1088 3725 1209 3791 artibus

173 3821 348 3897 studiorum
374 3831 553 3897 liberalium
583 3833 710 3898 exculti.
756 3831 952 3916 Praecipuus
983 3831 1084 3895 honos
1114 3829 1243 3893 habe-5
