2976 4322
364 225 616 280 HISTORIARUM
633 222 848 290 ALEXANDBI
866 222 918 275 VII
936 225 960 276 3.
979 223 1003 274 4.
1143 219 1205 284 175

165 431 332 498 Ponticum
377 430 536 497 decidunt.
597 439 674 494 XVII
709 427 830 494 dierum
875 427 979 513 spatio
1026 425 1204 492 Caucasum
1223 436 1257 487 22

166 537 328 621 superavit
350 535 517 602 exercitus.
563 534 669 619 Rupes
699 533 731 597 in
762 553 801 598 eo
827 543 852 595 X
876 533 909 597 in
939 531 1071 596 circuitu
1102 529 1207 596 stadia

167 640 398 726 complectitur,
422 649 476 704 1111
497 639 536 726 in
553 637 751 704 altitudinem
774 636 909 717 excedit,
926 636 958 700 in
982 656 1045 719 qua
1066 635 1207 700 vinctum

114 747 116 752 '
167 743 359 810 Promethea
397 743 496 809 fuisse
535 742 707 826 antiquitas
745 741 883 806 tradidit.
945 738 1139 805 Condendae
1176 738 1209 802 in
1227 748 1261 798 23

164 849 327 914 radicibus
362 848 478 913 montis
511 847 582 913 urbi
615 846 710 912 sedes
747 846 850 912 electa
887 851 945 910 est.
999 854 1051 908 VII
1084 843 1209 908 milibus

170 951 399 1018 caucasiorum
433 958 465 1018 et
495 950 707 1017 Macedonum
740 956 908 1034 praeterea
941 947 1100 1028 militibus,
1136 967 1210 1030 quo-

166 1077 237 1122 rum
262 1076 361 1142 opera
382 1056 428 1122 uti
444 1055 589 1136 desisset,
613 1055 800 1140 permissum
823 1055 855 1119 in
877 1073 995 1119 novam
1016 1053 1126 1118 urbem
1138 1071 1210 1116 con·

167 1160 282 1226 sidere.
307 1161 400 1226 Hanc
420 1181 546 1244 quoque
564 1156 802 1226 Alexandream
810 1158 934 1224 incolae
958 1157 1208 1242 appellaverunt.

624 1282 690 1336 Chr.
708 1282 754 1336 IV.

115 1395 156 1466 15
276 1387 319 1452 At
355 1387 484 1468 Bessus,
522 1385 698 1452 Alexandri
731 1384 894 1452 celeritate
927 1382 1120 1468 perterritus,
1159 1381 1242 1447 disl
1331 1373 1336 1390 ⁸

166 1491 277 1576 patriis
297 1489 451 1558 sacrificio
465 1491 524 1556 rite
536 1489 673 1556 facto-
683 1490 764 1556 sicut
778 1489 841 1554 illis
856 1487 1004 1572 gentibus
1020 1507 1088 1552 mos
1104 1492 1153 1551 est
1167 1523 1209 1532 -

168 1614 241 1659 eum
265 1595 376 1660 amieis
400 1593 598 1677 ducibusque
629 1594 791 1679 copiarum
820 1593 902 1658 inter
928 1592 1039 1676 epulas
1062 1589 1209 1656 debello

169 1699 381 1765 consultabat.
428 1698 550 1765 Graves
573 1719 660 1766 mero
684 1718 758 1764 suas
781 1697 864 1764 vires
888 1695 1048 1778 extollere,
1072 1694 1245 1760 hostiumn

167 1823 254 1867 nunc
284 1803 505 1884 temeritatem,
536 1823 620 1868 nunc
650 1803 844 1888 paucitatem
874 1821 1023 1886 spernere
1046 1799 1208 1884 incipiunt.

168 1907 350 1993 Praecipue
384 1907 512 1988 Bessus,
551 1907 644 1972 ferox
680 1906 786 1973 verbis
823 1913 854 1972 et
887 1911 979 1990 parto
1016 1924 1074 1990 per
1107 1904 1245 1969 seclusa

163 2031 263 2094 regno
295 2011 450 2096 superbus
480 2032 519 2076 ac
549 2011 604 2077 vix
633 2016 747 2095 potens
777 2010 901 2090 mentis,
931 2005 1037 2074 dicere
1068 2007 1207 2072 orditur:

168 2113 324 2180 Socordia
356 2116 456 2182 Darei
490 2117 628 2183 crevisse
674 2114 812 2182 hostium
845 2115 974 2185 famam.
1027 2113 1245 2180 Occurrisse4

158 2219 250 2308 ‘enim
268 2219 301 2284 in
318 2219 450 2286 Ciliciae
466 2221 698 2304 angustissimis
713 2220 868 2301 faucibus,
893 2240 965 2284 cum
980 2216 1210 2284 retrocedendo

148 2311 277 2408 ‚ss'posset
300 2323 476 2409 perducere
499 2325 644 2390 incautos
666 2325 699 2389 in
721 2325 794 2390 loca
815 2331 948 2389 naturae
971 2323 1033 2389 situ
1055 2328 1132 2403 tuta,
1163 2328 1211 2386 tot

162 2425 342 2493 fluminibus
382 2428 525 2510 obiectis,
563 2435 622 2494 tot.
644 2429 798 2494 montium
836 2427 974 2508 latebris,
1012 2427 1094 2492 inter
1131 2445 1209 2508 quas

167 2530 389 2616 deprehensus
410 2531 512 2598 hostis
534 2554 574 2598 ne
605 2532 703 2616 fugae
734 2531 870 2615 quidem,
901 2531 1019 2598 nedum
1041 2528 1210 2596 resistendi

162 2635 365 2701 occasionem
390 2635 486 2701 fuerit
508 2636 683 2703 habiturus.
731 2635 799 2702 Sibi
821 2637 948 2720 placere
970 2635 1003 2699 in
1027 2632 1209 2718 Sogdianos
1228 2647 1243 2697 5

161 2739 329 2806 recedere:
362 2739 466 2806 Oxum
489 2762 615 2806 amnem
638 2741 725 2806 velut
747 2761 871 2804 murum
894 2740 1090 2805 obiecturum
1112 2737 1207 2817 hosti,

162 2843 237 2908 dum
270 2865 311 2910 ex
341 2843 480 2910 finitimis
510 2845 658 2928 gentibus
688 2843 796 2910 valida
826 2843 944 2909 auxilia
973 2849 1206 2908 concurrerent.

163 2946 324 3014 Venturos
348 2954 455 3014 autem
472 2947 677 3014 Chorasmios
701 2955 733 3014 et
748 2947 862 3014 Dahas
879 2947 1042 3029 Sacasque
1066 2953 1098 3012 et
1112 2945 1210 3011 Indos
1228 2957 1244 3008 6

162 3058 195 3118 et
240 3053 325 3118 ultra
361 3052 486 3118 Tanain
523 3074 649 3118 amnem
694 3053 836 3122 colentes
873 3051 1030 3136 Scythas:
1077 3071 1209 3134 quorum

161 3157 320 3222 neminem
347 3156 429 3223 adeo
453 3156 604 3222 humilem
627 3178 706 3239 esse,
731 3165 765 3222 ut
780 3158 903 3224 humeri
919 3157 986 3223 eius
1001 3176 1064 3222 non
1080 3164 1210 3240 possent

160 3259 345 3326 Macedonis
373 3261 482 3328 militis
498 3262 651 3327 verticem
674 3283 874 3344 11111111-
888 3259 1098 3327 Conclamant
1112 3267 1210 3325 temu-

160 3364 238 3429 lenti
279 3385 377 3430 unam
405 3365 488 3431 hanc
516 3367 706 3432 sententiam
736 3367 895 3432 salubrem
925 3386 1005 3447 csse,
1037 3371 1069 3430 et
1092 3364 1209 3429 Bessus

161 3468 357 3534 circumferri
398 3491 520 3536 merum
559 3471 679 3554 largius
717 3471 812 3553 iubet,
859 3471 1073 3536 debellaturus
1115 3489 1244 3553 super7

160 3593 303 3638 mensam
341 3572 568 3639 Alexandrum.

110 3673 150 3743 lt
266 3676 346 3742 Erat
385 3677 417 3742 in
460 3699 498 3744 co
543 3678 690 3744 convivio
732 3677 883 3759 Gobares,
918 3678 1048 3743 natione
1086 3675 1244 3757 Medusa

162 3779 219 3844 sed
261 3779 407 3864 magicae
446 3781 587 3847 artis-
611 3781 639 3848 si
668 3779 762 3846 modo
800 3801 851 3847 ars
896 3787 954 3862 est,
999 3801 1062 3846 non
1106 3780 1209 3844 vanis·

163 3883 234 3948 simi
274 3884 425 3968 cuiusque
467 3885 636 3952 ludibrium
665 3923 709 3932 -
737 3885 841 3969 magis
878 3884 1076 3970 professione
1114 3904 1209 3966 quam
