3040 4318
250 203 292 266 60
640 203 671 268 o.
690 201 799 256 ouum
816 201 903 256 aum

252 409 352 474 maior
374 409 506 494 pristino
529 417 616 475 esset
639 408 814 492 equitatus:
838 409 1025 492 ingensque,
1049 415 1085 472 ut
1100 405 1287 486 crediderat,

180 523 192 592 ἵ
250 513 390 578 hostium
404 520 514 595 terror,
539 513 697 578 ducentae
717 513 855 578 falcatae
870 512 1055 596 quadrigae,
1079 509 1208 576 unicum
1224 509 1290 573 illa·

217 627 232 676 5
253 638 324 682 rum
340 618 484 700 gentium
499 618 665 700 auxilium,
689 624 818 684 secutae
834 625 916 683 sunt.
956 618 1005 681 Ex
1020 636 1144 683 summo
1163 622 1290 681 temone

250 721 363 786 hastae
379 721 544 806 praefixae
560 721 644 786 ferro
661 721 852 802 eminebant,
876 721 1034 804 utrimque
1049 742 1069 784 a
1085 720 1161 803 iugo
1183 726 1290 784 ternos

251 824 436 890 direxerant
466 825 600 908 gladios,
635 826 717 890 inter
746 824 853 892 radios
881 833 1022 890 rotarum
1052 825 1146 908 plura
1168 822 1290 908 spicula

251 928 434 994 eminebant
464 929 496 993 in
520 929 699 1010 adversum,
734 929 818 994 aliae
841 929 957 994 deinde
979 928 1080 994 salnes
1103 927 1291 994 summissae

253 1039 394 1098 rotarum
417 1033 546 1098 orbibus
569 1033 745 1098 haerebant
767 1041 799 1098 et
824 1033 906 1098 aliae
929 1033 961 1097 in
983 1040 1099 1098 ten-am
1112 1031 1290 1128 ,demissae

253 1136 405 1219 quicquid
435 1137 564 1203 obvium
591 1136 755 1202 concitatis
780 1137 870 1219 equis
900 1136 1021 1218 fuisset,
1054 1129 1289 1220 amputaturae.

218 1251 234 1301 6
347 1226 428 1306 'Hoc
461 1241 556 1306 modo
586 1241 742 1306 instructo
772 1240 915 1306 exercitu
949 1261 988 1306 ac
1017 1246 1198 1325 perarmato
1228 1239 1289 1303 Ba·
1300 1233 1343 1305 36

254 1343 373 1428 bylone
411 1344 521 1429 copias
559 1345 668 1410 movit.
721 1345 750 1408 A
786 1351 880 1428 parte
916 1343 1031 1409 dextra
1067 1349 1136 1409 erat
1172 1343 1291 1425 Tigris,

254 1447 372 1512 nobilis
395 1446 522 1529 fluvius,
547 1449 674 1514 laevam
696 1449 828 1531 tegebat
842 1447 1033 1537 Euphrates,
1059 1468 1177 1532 agmen
1192 1448 1294 1513 Meso·

222 1550 417 1634 upotamiae
451 1572 581 1636 campos
613 1552 810 1636 impleverat.
857 1552 949 1635 Tigri
988 1551 1106 1617 deinde
1143 1554 1293 1636 superato

254 1673 327 1718 cum
356 1654 510 1736 audisset,
542 1655 629 1720 haud
652 1655 762 1740 procul
785 1655 899 1722 abesse
923 1655 1059 1734 hostem,
1090 1653 1293 1741 Satropaten,

255 1758 398 1840 equitum
435 1759 645 1843 praefectum,
692 1779 764 1824 cum
809 1758 894 1824 mille
939 1759 1071 1825 delectis
1115 1759 1292 1844 praemisit.

255 1861 385 1925 Mazaeo
408 1863 547 1946 praetori
570 1882 629 1928 sex
651 1862 740 1927 milia
762 1861 847 1942 data,
872 1863 988 1945 quibus
1011 1863 1135 1928 hostem
1157 1861 1294 1928 transitu

221 1967 359 2031 samnis
389 1975 528 2032 arceret:
563 1966 668 2033 eidem
697 1968 896 2048 mandatum,
927 1976 962 2034 ut
991 1969 1166 2051 regionem,
1199 1988 1295 2050 quam

255 2072 442 2137 Alexander
479 2081 566 2138 esset
602 2073 757 2154 aditurus,
796 2074 1003 2160 popularetur
1035 2081 1132 2156 atque
1169 2080 1314 2139 ureret2'

257 2176 375 2260 quippe
400 2176 560 2259 eradebat,
584 2177 694 2262 inopia
713 2177 868 2243 debellari
888 2198 992 2262 posse,
1009 2177 1090 2242 nihil
1112 2177 1295 2259 habentem,

256 2275 321 2344 nisi
345 2279 430 2362 quod
452 2281 605 2365 rapiendo
628 2288 834 2366 occupasset:
865 2281 929 2366 ipsi
958 2287 1066 2347 autem
1097 2286 1295 2348 commeatus

223 2383 313 2448 salii
347 2389 441 2469 terra,
475 2385 528 2450 alii
560 2385 650 2469 Tigri
683 2407 778 2452 amne
812 2384 1082 2452 subvehebantur.
1129 2385 1199 2450 Iam
1228 2405 1295 2470 per·
1331 2393 1333 2400 ⁴

256 2496 389 2552 venerat
402 2489 448 2552 od
460 2489 578 2555 Arbela
593 2490 707 2570 vicum,
724 2491 864 2557 nobilem
880 2510 938 2556 sua
950 2489 1042 2556 clade
1056 2487 1210 2555 facturus.
1234 2489 1296 2554 Hic

259 2599 497 2658 commeatuum
544 2593 805 2675 sarcinarumque
849 2595 969 2659 maiore
1014 2600 1104 2680 parte
1149 2591 1296 2678 deposita

258 2694 382 2779 Lycum
406 2718 534 2762 amnem
556 2703 653 2781 ponte
675 2698 778 2762 iunxit
804 2704 837 2762 et
859 2719 916 2782 per
939 2698 1009 2764 dies
1032 2698 1183 2780 quinque,
1214 2696 1298 2762 sicut

209 2812 241 2862 10
259 2805 334 2865 ante
358 2801 553 2886 Euphraten,
576 2802 703 2868 traiecit
726 2803 910 2868 exereitum.
946 2802 1027 2868 Inde
1050 2802 1215 2884 octoginta
1229 2800 1297 2866 fere

260 2905 365 2971 stadia
387 2927 577 2991 progressus
600 2907 642 2972 ad
665 2910 801 2974 alterum
817 2929 943 2973 amnem
966 2945 1009 2956 —
1031 2906 1165 2972 Bumelo
1181 2927 1297 2971 nomen

259 3015 308 3074 est
331 3047 372 3058 -
396 3018 502 3076 castra
518 3011 633 3096 posuit.
672 3011 860 3097 Opportuna
876 3009 1075 3098 explicandis
1091 3010 1192 3097 copiis
1207 3010 1296 3094 regio

260 3119 336 3193 erat,
362 3114 547 3195 equitabilis
571 3123 603 3180 et
632 3124 724 3182 vasta
755 3116 923 3201 planities:
956 3137 996 3182 ne
1026 3116 1143 3200 stirpes
1167 3113 1297 3198 quidem

260 3224 291 3282 et
314 3217 425 3283 brevia
448 3219 590 3302 virgulta
620 3221 768 3305 operiunt
798 3221 909 3306 solum,
939 3220 1084 3302 liberque
1110 3225 1298 3306 prospectus

259 3321 422 3386 oculorum
446 3321 543 3388 etiam
566 3322 606 3388 ad
637 3343 684 3408 ea,
715 3343 797 3406 quae
827 3323 939 3408 procul
969 3342 1147 3404 recessere,
1171 3322 1298 3408 penult-

260 3424 346 3490 titur.
371 3427 495 3508 Itaque,
531 3425 558 3492 si
582 3447 646 3509 qua
676 3427 781 3512 campi
805 3427 997 3510 eminebant,
1039 3426 1133 3494 iussit
1167 3427 1298 3508 aequari

260 3535 426 3612 totumque
449 3530 615 3613 fastigium
637 3530 777 3597 extendi.

211 3643 241 3693 11
365 3635 559 3718 Alexandro,
582 3636 637 3720 qui
659 3655 826 3701 numerum
849 3637 1012 3721 copiarum
1036 3636 1113 3716 eius,
1143 3641 1296 3719 quantum
1307 3631 1350 3704 37

264 3739 373 3821 procul
410 3739 584 3803 coniectari
622 3745 755 3823 poterat,
802 3739 1025 3821 aestimabant,
1059 3737 1115 3804 vix
1152 3739 1299 3804 feceruut

264 3840 368 3905 fidem.
393 3847 441 3904 tot
462 3841 591 3906 milibus
614 3843 716 3910 caesis
737 3843 875 3909 maiores
898 3843 1006 3932 copias
1029 3862 1100 3908 esse
1123 3849 1298 3928 reparatas.
