2976 4322
366 187 618 242 HISTORIARUM
635 183 849 239 ALEXANDRI
868 183 932 236 VIII
951 185 974 233 I.
1133 180 1196 245 205

128 390 149 459 4
260 395 350 460 Haeo
373 394 476 461 ethis
504 393 618 458 similia
646 391 722 457 laeti
745 390 874 456 audiere
896 389 1036 468 iuvenes,
1068 389 1194 472 ingrata
1212 405 1246 456 27

157 498 332 564 senioribus
344 505 441 579 erant,
451 497 588 562 maxime
601 502 729 582 propter
737 495 926 579 Philippum,
937 493 995 558 sub
1008 513 1069 576 quo
1079 492 1195 559 diutius

156 603 317 669 vixerant:
334 624 406 668 cum
421 603 529 684 Clitus,
545 624 586 668 ne
601 603 670 687 ipse
687 600 814 684 quidem
830 599 906 665 satis
919 599 1051 679 sobrius,
1064 599 1107 664 ad
1130 621 1193 681 eoo,
1214 605 1248 656 28

156 708 208 790 qui
237 707 321 772 infra
350 708 454 792 ipsum
484 706 653 787 cubabant,
685 724 856 770 conversus
886 702 1046 789 Euripidis
1075 705 1195 769 rettulit

155 831 291 894 carmen,
315 813 360 876 ita
382 819 417 877 ut
439 832 535 877 sonus
557 811 660 894 magis
684 830 778 893 quam
801 829 904 874 sermo
928 807 1071 873 exaudiri
1086 815 1195 893 posset

154 936 175 979 a
188 937 275 999 rege,
300 936 361 998 quo
388 915 627 999 significabatur
649 915 731 979 male
746 912 920 978 instituisse
936 912 1084 994 Graecos,
1110 912 1195 995 quod
1213 916 1246 967 29

153 1020 293 1105 tropaeis
325 1041 438 1104 regum
472 1020 638 1086 dumtaxat
671 1018 800 1083 nomina
832 1016 1049 1098 inscriberent,
1088 1017 1191 1082 alieno

153 1124 237 1188 enim
271 1125 425 1208 sanguine
459 1131 584 1210 partam
613 1123 760 1207 gloriam·
777 1121 932 1206 intercipi.
979 1121 1092 1204 Itaque
1125 1143 1191 1203 rex,

153 1247 224 1292 cum
258 1228 471 1313 suspicaretur
507 1228 677 1312 malignius
715 1226 858 1292 habitum
897 1245 967 1291 csse
1004 1246 1190 1307 sermonem,

152 1333 331 1417 percontari
353 1333 514 1418 proximos
537 1311 651 1417 coepit,
676 1331 815 1414 quidex
838 1331 919 1396 Clito
943 1330 1115 1396 audissent.
1151 1331 1192 1396 Et
1210 1339 1244 1389 30

152 1437 213 1501 illis
236 1436 278 1500 ad
301 1436 457 1503 silendum
480 1437 646 1502 obstinatis
669 1436 768 1502 Olitus
791 1435 944 1520 paulatim
969 1436 1089 1501 maiore
1112 1456 1192 1501 voce

152 1539 290 1626 Philippi
324 1548 396 1606 acta
429 1541 576 1623 bellaque
606 1541 639 1605 in
670 1539 805 1606 Graecia
834 1545 926 1623 gesta
957 1547 1189 1622 commemorat,

152 1645 258 1710 omnia
294 1645 513 1730 praesentibus
551 1644 745 1732 praeferens.
806 1644 889 1708 Hinc
927 1644 1009 1710 inter
1052 1645 1190 1710 iuniores
1209 1650 1241 1700 31

152 1768 306 1832 senesque
341 1756 410 1814 orta
444 1750 603 1814 contentio
642 1756 706 1814 est:
745 1756 777 1814 ct
810 1769 876 1830 rex,
915 1749 1001 1814 velut
1034 1749 1191 1834 patienter

151 1851 282 1934 audiret,
307 1853 375 1935 quis
391 1853 490 1919 Olitus
513 1853 678 1919 obterebat
700 1853 811 1919 laudes
834 1854 910 1934 eiua,
934 1853 1097 1937 ingentem
1111 1854 1191 1918 iram

151 1964 349 2041 conceperat.
396 1957 542 2022 Ceterum
566 1979 637 2022 oum
659 1958 764 2022 animo
787 1957 947 2022 videretur
969 1957 1187 2042 imperaturus,
1209 1962 1242 2012 32

151 2059 177 2124 si
199 2059 294 2125 finem
316 2061 494 2146 procaciter
517 2068 585 2127 orto
612 2063 750 2127 sermoni
773 2061 872 2126 Clitus
894 2062 1080 2146 imponeret,
1111 2061 1190 2125 nihil

150 2183 188 2228 eo
210 2164 390 2231 remittente
412 2166 515 2249 magis
536 2165 794 2250 exasperabatur.
830 2167 962 2248 Iamque
978 2165 1077 2231 Clitus
1093 2166 1188 2230 etiam
1208 2177 1241 2228 33

149 2265 390 2333 Parmenionem
421 2269 595 2335 defendere
627 2269 767 2336 audebat
797 2277 829 2335 et
859 2270 1000 2356 Philippi
1030 2269 1070 2335 de
1094 2270 1190 2336 Athe-

149 2371 310 2437 niensibus
333 2373 500 2438 victoriam
523 2373 704 2439 Thebarum
733 2373 937 2460 praeferebat
960 2374 1093 2455 excidio,
1125 2396 1189 2440 non

148 2474 222 2540 vino
256 2475 360 2558 modo,
396 2477 454 2542 sed
488 2478 584 2542 etiam
619 2478 715 2544 animi
749 2499 850 2565 prava
865 2552 868 2557 ,
884 2479 1085 2544 contentione
1119 2500 1189 2563 pro-

147 2585 266 2644 vectus.
313 2578 365 2644 Ad
387 2581 539 2664 ultimum,
567 2582 617 2648 ‘Si
646 2582 869 2663 moriendum’,
900 2583 1010 2664 inquit,
1039 2585 1100 2648 ‘est
1129 2605 1187 2669 pro
1206 2592 1240 2642 34

147 2689 188 2764 te,
220 2682 319 2749 Clitus
342 2692 391 2750 est
412 2685 548 2771 primus:
580 2693 613 2750 at
643 2707 714 2751 cum
737 2687 889 2752 victoriae
920 2687 1083 2752 arbitrium
1106 2689 1186 2771 agis,

146 2787 352 2872 praecipuum
374 2788 487 2871 ferunt,
512 2791 565 2872 qui
588 2791 811 2875 procacissime
834 2792 933 2877 patris
955 2792 1001 2856 tui
1011 2793 1186 2880 memoriae

145 2889 289 2956 illudunt.
349 2891 545 2976 Sogdianam
578 2895 742 2978 regionem
771 2895 848 2960 mihi
882 2896 1035 2977 attribuis,
1070 2897 1186 2962 totiens
1206 2904 1238 2954 35

145 2994 297 3060 rebellem
320 3003 352 3061 et
374 3018 438 3062 non
467 2997 562 3063 modo
593 2999 787 3081 indomitam,
819 2999 877 3065 sed
906 3021 987 3082 quae
1018 3022 1058 3066 ne
1082 3001 1186 3084 subigi

146 3098 274 3180 quidem
296 3100 405 3184 possit.
453 3102 561 3167 Mittor
592 3103 635 3167 ad
665 3102 750 3168 feras
780 3104 909 3185 bestias,
929 3105 1117 3190 praecipitia
1143 3105 1187 3170 in·

145 3203 242 3285 genia
257 3203 393 3269 sortitas.
430 3203 504 3287 Sed,
529 3227 611 3288 quae
628 3205 670 3271 ad
685 3229 736 3273 me
751 3207 918 3292 pertinent,
943 3215 1079 3274 transeo.
1115 3207 1186 3272 Phi·
1205 3217 1238 3267 36

144 3305 223 3389 lippi
253 3307 368 3372 milites
399 3309 531 3393 spernis,
563 3311 687 3393 oblitus,
718 3311 780 3376 nisi
809 3311 862 3376 bic
892 3310 1057 3378 Athamias
1088 3333 1187 3378 senex

142 3408 282 3475 iuniores
297 3431 438 3495 pugnam
455 3411 669 3480 detractantes
689 3422 880 3497 revocasset,
905 3414 1010 3480 adhuc
1025 3437 1084 3482 nos
1100 3417 1185 3482 circa

142 3511 404 3579 Halicarnassum
426 3515 578 3582 haesuros
602 3517 710 3583 fuisse.
758 3518 923 3596 Quomodo
954 3519 1051 3603 igitur
1073 3519 1183 3585 Asiam
1203 3528 1235 3578 37

143 3615 241 3681 etiam
270 3636 342 3682 oum
371 3618 440 3684 istis
473 3619 647 3686 iunioribus
683 3622 862 3705 subegisti?
907 3622 1025 3688 Verum
1059 3630 1116 3705 est,
1150 3631 1185 3688 ut

142 3719 264 3804 opinor,
297 3722 383 3803 quod
405 3725 595 3789 avunculum
624 3731 712 3791 tuum
734 3726 767 3791 in
790 3727 885 3792 Italia
907 3726 1026 3792 dixisse
1050 3734 1182 3808 constat,

140 3822 248 3907 ipsum
267 3823 300 3888 in
315 3824 400 3890 viros
416 3825 574 3910 incidisse,
598 3835 630 3894 te
646 3828 678 3893 in
694 3829 849 3895 feminas?
