3028 4322
810 1 881 52 N„

882 42 1013 68 χχ,

292 225 335 288 50
684 231 715 296 Q.
735 229 843 284 CUBTl
862 231 949 286 RUFI

239 443 270 491 21
291 432 405 496 nabazi
438 436 562 518 copiam
596 436 664 502 fore
697 425 864 502 affirmant.
918 439 987 503 Nec
1021 438 1177 504 dubitavit
1210 439 1329 505 Aristo

290 541 380 606 nicus
402 540 521 626 primus
545 541 679 604 intrare:
710 541 811 605 secuti
834 547 907 606 sunt
934 540 1048 606 ducem
1071 541 1196 626 piratici
1219 544 1326 624 lembi,

289 665 338 724 ac,
369 644 444 708 dum
467 644 629 728 applicant
651 644 782 727 navigia
812 645 967 729 crepidini
999 651 1120 730 portus,
1151 645 1286 710 obicitur
1308 669 1329 711 a

289 749 440 832 uigilibus
474 751 656 828 claustmm,
694 756 735 829 et,
771 748 824 830 qui
858 749 996 833 proximi
1033 751 1245 832 excubabant,
1285 753 1327 816 ab

289 853 391 919 isdem
414 853 600 918 excitantur.
625 853 721 918 Nullo
745 853 846 918 exiis
869 874 949 918 auso
972 874 1162 939 repugnare,
1178 855 1327 920 omnihus

290 964 421 1023 catenae
444 957 579 1026 iniectae
602 965 685 1037 sunt,
713 956 910 1042 Amphotero
937 957 1053 1023 deinde
1077 959 1327 1042 Hegelochoque

237 1070 271 1118 22
288 1060 465 1126 traduntur.
510 1061 594 1124 Hinc
617 1060 810 1126 Macedones
838 1060 991 1126 transiere
1014 1062 1200 1146 Mitylenen,
1233 1084 1328 1145 quam

289 1165 408 1231 Chares
424 1165 637 1245 Atheniensis,
649 1186 751 1249 nuper
769 1173 965 1250 occupatam,
984 1177 1010 1228 11
1022 1167 1142 1231 milium
1159 1168 1327 1232 Persarum

288 1270 448 1355 praesidio
481 1272 625 1336 tenebat:
665 1269 723 1334 sed
756 1290 828 1334 eum
862 1269 1061 1335 obsidionem
1093 1273 1230 1336 tolerare
1264 1291 1327 1335 non

288 1385 404 1460 posset,
436 1378 514 1441 urbe
545 1375 663 1439 tradita
691 1381 813 1458 pac-tue,
844 1380 879 1438 ut
910 1375 1058 1440 ineolumi
1088 1377 1176 1442 abire
1207 1376 1327 1454 liceret,

289 1482 427 1546 Imbrum
449 1481 537 1566 petit.
584 1480 711 1544 Deditis
735 1478 926 1544 Macedones
950 1488 1170 1565 pepercerunt.

745 1671 810 1723 Car.
829 1671 875 1723 Vl.

254 1798 266 1845 1
390 1793 515 1856 Dareus
538 1789 707 1874 desperata
729 1810 818 1874 paee,
843 1810 937 1872 quam
960 1811 1018 1874 per
1040 1790 1162 1855 litteras
1186 1787 1376 1873 legatos-25

287 1918 349 1980 que
383 1895 546 1980 impetrari
579 1915 676 1979 posse
711 1892 900 1974 crediderat,
938 1894 980 1958 ad
1014 1893 1207 1979 reparandas
1241 1895 1327 1959 vires
1376 1921 1382 1935 ·

252 2007 268 2054 2
286 2002 469 2082 bellumque
492 1999 626 2083 impigre
648 1999 867 2063 renovandum
883 1998 1018 2063 intendit
1033 1999 1183 2064 animum.
1218 1999 1325 2063 Duces

287 2123 364 2187 ergo
394 2103 557 2188 copiarum
579 2103 790 2187 Babyloniam
821 2103 998 2183 convenire,
1030 2103 1165 2168 Bessum
1188 2123 1323 2185 quoque,

286 2207 526 2273 Bactrianorum
547 2214 737 2291 praetorem,
767 2228 862 2289 quam
884 2207 1024 2272 maximo
1054 2213 1164 2292 posset
1186 2207 1325 2272 exercitu

252 2319 407 2393 3coacto,
441 2311 635 2376 descendere
657 2310 700 2374 ad
723 2330 758 2375 se
781 2310 876 2375 iubet.
925 2311 1006 2376 Sunt
1035 2318 1141 2374 autem
1164 2310 1324 2375 Bactriani

286 2417 367 2481 inter
397 2415 468 2479 illas
499 2421 612 2496 gentes
642 2413 880 2498 promptissimi,
912 2413 1049 2478 horridis
1080 2413 1217 2496 ingeniis
1247 2414 1326 2478 mul·

286 2528 415 2602 tumque
438 2538 458 2582 a
473 2518 642 2583 Persarum
665 2519 741 2582 luxu
756 2517 1018 2583 abhorrentibus:
1042 2517 1095 2582 siti
1110 2517 1198 2582 haud
1213 2521 1325 2603 procul

286 2622 477 2705 Scytharum
506 2620 750 2686 bellicosissima
776 2629 872 2703 gente
895 2628 927 2686 et
950 2627 1041 2705 rapto
1065 2621 1173 2686 vivere
1185 2627 1322 2702 assueta,

251 2735 411 2811 lsemper
440 2725 472 2789 in
502 2724 598 2789 armis
621 2732 720 2789 erant.
766 2724 832 2790 Sed
855 2725 975 2790 Bessus
1005 2733 1154 2810 suspecta
1180 2724 1323 2810 perfidia,

286 2830 371 2894 hand
394 2849 471 2894 sane
494 2847 596 2909 aequo
619 2827 724 2892 animo
747 2828 938 2893 insecundo
962 2849 996 2893 se
1020 2829 1185 2894 continens
1209 2829 1321 2911 gradu,

285 2955 394 3016 regem
416 2934 572 2998 terrebat:
603 2954 677 2997 nam
701 2953 771 2996 oum
802 2953 935 3014 regnum
965 2933 1139 3014 affectaret,
1171 2933 1321 3017 proditio,

285 3059 349 3123 qua
371 3039 439 3104 sola
462 3037 494 3102 id
517 3037 644 3120 assequi
668 3040 800 3122 poterat,
824 3037 1003 3102 timebatur.

250 3151 266 3200 5
390 3141 536 3207 Ceterum
567 3140 758 3222 ⁴hlcruundcr,
795 3161 889 3223 quam
922 3141 1086 3223 regionem
1116 3141 1241 3204 Dareus
1271 3160 1324 3224 pe-

286 3247 384 3328 tisset,
408 3245 492 3310 ornui
515 3265 591 3310 cura
606 3245 780 3326 vestigans,
803 3252 910 3310 tamen
926 3246 1096 3330 explorare
1118 3264 1182 3309 non
1197 3250 1323 3330 poterat

284 3371 371 3416 moro
401 3349 544 3432 qiiodom
560 3351 736 3428 Persarum,
770 3369 887 3414 arcana
908 3369 1020 3431 regum
1042 3348 1123 3412 mira
1152 3347 1323 3412 celantium

249 3454 357 3522 olida.
403 3454 475 3518 Non
498 3461 610 3534 motus,
635 3473 697 3519 non
721 3472 795 3538 spos
819 3453 905 3518 elicit
920 3473 1041 3534 vocem,
1067 3474 1130 3536 qua
1148 3451 1323 3538 prodantur

285 3559 419 3624 occulta
457 3557 556 3622 l'ctus
579 3556 747 3642 disciplina
762 3577 872 3638 regium
896 3556 1055 3621 silentium
1070 3556 1157 3622 vitae
1180 3555 1322 3641 periculo

285 3666 449 3730 suaserat:
474 3661 583 3742 lingua
599 3661 727 3744 pravius
743 3660 919 3744 castigatur
934 3681 1028 3744 quam
1047 3662 1145 3725 ullum
1162 3661 1320 3745 probrum,

197 3763 203 3788 ⁸
284 3786 343 3832 rico
366 3784 514 3846 irritasunt
538 3785 604 3830 roni
628 3764 730 3846 inopis
755 3764 903 3829 sustineri
933 3784 1029 3849 posse
1051 3763 1184 3828 credunt
1207 3764 1247 3828 ab
1271 3783 1319 3843 eo,

285 3869 335 3935 cui
359 3877 464 3934 mintius
494 3887 592 3950 pravo
623 3867 673 3948 sit,
704 3867 788 3952 qnod
820 3868 940 3934 homini
971 3868 1156 3932 facillimum
1185 3867 1322 3932 volucrit
