3040 4318
286 178 327 244 74
673 180 703 246 o.
723 178 832 232 cunm
849 177 936 232 eurr

286 385 390 450 culum
413 385 605 470 saepiusque
635 385 761 450 nomine
794 385 1027 470 compellatum,
1064 405 1136 450 cum
1158 405 1237 451 voce
1258 405 1322 451 non

233 503 264 553 21
285 497 405 574 posset,
438 497 526 554 tactu
559 487 721 554 excitavit.
763 489 877 553 ‘Multa
910 489 987 569 lux’,
1023 487 1133 570 inquit,
1165 491 1244 554 ‘est:
1278 489 1323 554 in·

285 599 436 658 structam
458 592 560 658 aciem
580 591 680 658 hostis
703 592 855 673 admovit,
879 598 952 657 tuus
968 591 1060 657 miles
1073 591 1179 656 adhuc
1194 593 1323 657 inermis

285 703 432 781 expectat
454 696 630 781 imperium.
665 695 730 760 Ubi
753 702 802 761 est
817 695 910 778 vigor
924 694 977 760 ille
993 695 1088 760 animi
1104 694 1176 760 tui?
1207 715 1323 780 nempe

233 815 266 865 22
286 800 427 865 excitare
450 799 567 883 vigiles
594 799 697 865 soles?
743 799 795 864 Ad
825 799 905 864 baec
924 798 1123 866 Alexander:
1144 796 1322 880 ‘Credisne

284 923 335 967 me
365 903 453 988 prius
484 923 628 968 somnum
662 923 777 988 capere
810 904 955 986 potuisse
990 924 1085 985 quam
1118 922 1324 968 exonerarem

283 1005 423 1070 animum
458 1005 683 1087 sollicitudine,
720 1027 802 1088 quae
838 1006 977 1088 quietem
1011 1005 1225 1072 morabaturi'
1260 1006 1324 1089 sig-

233 1128 266 1178 23
284 1131 422 1193 numque
452 1129 579 1194 pugnae
608 1110 685 1174 tuba
715 1110 784 1174 dari
814 1110 916 1175 iussit.
963 1110 1003 1174 Et
1037 1130 1109 1173 cum
1142 1109 1175 1173 in
1209 1108 1323 1174 eadem

284 1215 494 1280 admiratione
528 1214 694 1278 Parmenio
728 1219 956 1298 perseveraret,
997 1212 1083 1296 quod
1116 1214 1254 1278 solutum
1287 1232 1323 1278 se

286 1319 369 1384 curis
392 1338 535 1383 somnum
559 1317 683 1402 cepisse
707 1315 849 1398 dixisset,
870 1317 1039 1398 ‘Minime’,
1064 1317 1176 1399 inquit,
1196 1316 1324 1381 ‘mirum

286 1431 349 1488 est:
382 1423 560 1506 egoenim,
586 1442 657 1485 cum
679 1422 805 1486 Dareus
828 1428 945 1486 terram
968 1430 1081 1502 ureret,
1107 1421 1194 1487 vicos
1218 1420 1323 1485 excin-

286 1526 385 1609 deret,
423 1525 573 1591 alimenta
608 1531 831 1610 corrumperet,
870 1533 985 1610 potens
1018 1524 1081 1589 mei
1118 1545 1181 1589 non
1219 1545 1321 1590 eram:

233 1655 267 1706 24
285 1652 369 1697 nunc
399 1651 477 1696 vero
508 1629 584 1712 quid
619 1637 766 1710 metuam,
802 1649 874 1694 cum
904 1629 974 1695 acie
1005 1628 1179 1708 decernere
1213 1627 1322 1713 paret?

286 1737 433 1816 Hercule,
471 1743 581 1800 votum
618 1754 723 1799 meum
759 1733 912 1820 implevit.
963 1734 1028 1800 Sed
1066 1734 1161 1799 huius
1198 1733 1323 1798 consilii

286 1847 396 1926 postea
419 1858 545 1921 quoque
568 1837 647 1901 ratio
671 1837 833 1902 reddetur.
867 1838 932 1902 Vos
948 1838 991 1903 ite
1006 1838 1048 1902 ad
1065 1837 1182 1922 copias,
1207 1836 1323 1918 quibus

287 1945 421 2028 quisque
451 1948 594 2027 praeest:
629 1961 690 2023 ego
720 1941 783 2004 iam
813 1941 911 2006 adero
942 1950 981 2023 et,
1013 1941 1091 2024 quid
1120 1941 1189 2006 fieri
1217 1941 1321 2021 velim,

234 2071 267 2121 25
287 2048 462 2133 exponam.³
508 2045 591 2110 Raro
621 2044 803 2125 admodum,
833 2043 996 2108 admonitu
1018 2044 1122 2127 magis
1150 2044 1323 2109 amicorum

287 2172 381 2236 quam
418 2155 504 2215 metu
541 2147 734 2213 discriminis
767 2147 915 2228 adeundi,
949 2149 1078 2212 thorace
1111 2148 1156 2213 uti
1190 2147 1321 2214 solebat.

286 2259 525 2337 huncquoque
552 2252 747 2318 munimento
778 2254 918 2338 corporis
948 2261 1072 2338 sumpto
1102 2258 1260 2339 processit
1280 2260 1323 2324 ad

286 2362 411 2426 milites.
458 2359 553 2423 Haud
586 2358 665 2422 alias
699 2365 765 2422 tam
797 2359 936 2424 alacrem
969 2360 1115 2425 viderant
1147 2383 1258 2445 regem
1292 2371 1323 2430 et

286 2469 374 2534 vultu
398 2467 466 2532 eius
489 2465 631 2530 interrito
655 2471 773 2528 certam
796 2484 886 2549 spem
907 2465 1060 2530 victoriae
1075 2469 1322 2550 augurabantur.

235 2590 268 2640 26
391 2570 497 2652 Atque
520 2569 573 2632 ille
596 2575 725 2654 proruto
748 2569 832 2632 vallo
855 2569 942 2634 exire
966 2569 1074 2654 copias
1098 2569 1184 2635 iubet
1206 2570 1319 2638 aciem·
1332 2575 1376 2645 50

287 2696 348 2758 que
386 2673 535 2758 disponit.
583 2673 620 2736 ln
658 2672 769 2736 dextro
807 2692 904 2737 cornu
945 2672 1042 2738 locati
1079 2681 1151 2738 sunt
1188 2675 1321 2758 equites,

286 2798 365 2861 quos
389 2797 506 2862 agema
526 2777 746 2861 appellabant:
775 2784 920 2861 praeerat
943 2777 992 2842 bis
1015 2777 1124 2858 clitus,
1149 2778 1200 2842 cui
1222 2778 1324 2844 iunxit

287 2883 432 2948 Philotae
462 2889 590 2963 turmas,
626 2889 811 2964 ceterosque
845 2882 1025 2966 praefectos
1060 2883 1202 2966 equitum
1231 2884 1322 2949 lateri

234 3006 267 3056 27
287 2987 354 3052 eius
377 2985 539 3072 applicuit.
587 2985 705 3051 Ultima
727 2985 881 3068 Meleagri
903 2986 955 3051 ala
984 2987 1096 3067 stabat,
1129 3007 1224 3070 quam
1246 2986 1323 3071 pha·

285 3091 361 3154 lanx
391 3091 590 3173 sequebatur,
624 3097 697 3174 post
727 3089 920 3175 pbalangem
950 3090 1186 3174 Argyraspides
1216 3097 1322 3155 erant:

234 3211 267 3262 28
286 3195 336 3261 his
358 3195 507 3275 Nicanor,
539 3193 756 3259 Parmenionis
786 3193 877 3275 filius,
908 3201 1066 3278 praeerat.
1111 3194 1149 3258 In
1172 3193 1322 3260 subsidiis

286 3319 357 3363 cum
383 3319 477 3364 manu
508 3318 566 3362 sua
595 3297 727 3378 Coenos,
760 3303 833 3382 post
863 3317 936 3361 eum
968 3295 1101 3363 Orestae
1132 3297 1323 3382 Lyncestae-

286 3422 348 3485 que
377 3409 450 3466 sunt
472 3403 585 3486 positi,
616 3409 689 3486 post
719 3401 790 3466 illos
813 3400 1024 3485 Polypercon,
1055 3421 1130 3465 mox
1160 3400 1323 3485 peregrini

285 3505 420 3573 milites:
452 3503 546 3569 huius
576 3503 712 3588 agminis
742 3503 890 3588 princeps
913 3503 1068 3588 Amyntas
1099 3503 1218 3586 aberat,
1249 3502 1323 3568 Phi·
1363 3537 1366 3544 ·

286 3610 391 3695 lippus
415 3608 540 3672 Balacri
568 3627 623 3673 eos
653 3609 797 3691 regebat,
828 3607 860 3672 in
891 3608 1077 3673 societatem
1106 3629 1208 3694 nuper
1241 3606 1322 3672 asci-

233 3730 269 3781 29
288 3719 347 3777 tos.
383 3713 472 3776 Haec
495 3711 596 3776 dextri
621 3731 734 3776 comus
758 3711 857 3777 facies
881 3718 958 3776 erat.
997 3711 1035 3775 In
1057 3711 1149 3777 laevo
1174 3709 1322 3777 Craterus

287 3817 552 3902 Peloponnesium
576 3818 698 3900 equites
722 3817 872 3900 habebat,
904 3815 1103 3882 Achaeorum
1135 3804 1322 3882 et'Locren·
