2970 4322
311 175 375 240 262
697 175 728 242 q.
748 173 856 228 uuam
873 174 961 229 num

262 396 294 446 10
311 381 473 449 thoracem
502 383 633 467 paulum
662 403 757 467 super
786 383 869 448 latus
901 381 1047 447 dextrum
1076 379 1230 464 infigeret.
1278 378 1351 456 Quo

312 485 443 552 vulnere
466 485 614 565 afflictus,
644 506 760 570 magna
781 486 814 552 vi
844 485 1009 570 sanguinis
1032 485 1200 564 emicante,
1226 483 1351 550 remisit

311 611 408 672 arma,
432 589 618 656 moribundo
649 589 759 655 similis
789 589 935 672 adeoque
968 590 1136 669 resolutus,
1167 594 1202 652 ut
1235 607 1277 652 nc
1307 587 1351 652 ad

312 677 496 760 vellendum
525 692 653 776 quidem
682 693 782 758 telum
811 692 971 758 sufficeret
1001 692 1121 758 dextra.
1167 692 1280 773 Itaque
1308 692 1351 756 ad

313 796 514 882 spoliandum
555 817 685 883 corpus,
720 797 773 880 qui
807 797 1045 878 vulneraverat,
1087 796 1195 860 alacer
1228 793 1349 878 gaudio

262 917 292 967 11
311 899 455 968 accurrit.
510 900 611 978 Quem
640 908 675 966 ut
704 901 822 966 inicere
852 901 976 985 corpori
1006 921 1062 966 suo
1096 919 1209 964 manus
1240 899 1349 981 sensit,

312 1005 417 1088 credo,
440 1005 543 1071 ultimi
562 1005 727 1072 dedecoris
751 1004 941 1088 indignitate
957 1012 1141 1089 commotus,
1154 1004 1349 1086 linquentem

311 1110 474 1175 revocavit
488 1111 628 1175 animum
645 1117 676 1174 et
686 1110 806 1202 nudum
821 1109 921 1175 hostis
937 1111 1020 1174 latus
1036 1109 1181 1175 subrecto
1198 1127 1349 1174 mucrone

261 1228 293 1278 12
311 1213 425 1280 hausit.
470 1215 623 1280 Iacebant
638 1214 723 1279 circa
737 1235 849 1298 regem
859 1215 920 1279 tria
935 1234 1076 1298 corpora,
1093 1213 1206 1298 procul
1222 1218 1349 1296 stupen-

311 1316 394 1383 tibus
411 1318 534 1384 ceteris.
573 1319 632 1383 Ille
648 1324 691 1399 ut,
708 1325 880 1400 antequam
894 1318 1025 1383 ultimus
1041 1317 1171 1404 spiritus
1187 1315 1348 1397 deficeret,

311 1419 465 1487 dimicans
480 1427 588 1488 tamen
604 1421 851 1504 extingueretur,
868 1422 970 1508 clipeo
993 1442 1028 1487 se
1054 1423 1195 1486 allevare
1214 1427 1348 1486 conatus

260 1541 291 1592 13
311 1534 375 1591 est:
400 1532 432 1590 et
454 1534 622 1611 postquam
644 1526 687 1590 ad
710 1525 914 1591 conitendum
936 1524 1015 1590 nihil
1038 1531 1201 1610 supererat
1223 1525 1348 1612 virium,

311 1628 441 1695 dextera
449 1630 668 1715 impendentes
677 1651 782 1696 ramos
791 1630 973 1716 complexus
985 1631 1345 1714 temptabatassurgere.

310 1732 376 1799 Sed
405 1754 445 1799 ne
479 1734 525 1799 sic
555 1733 685 1816 quidem
718 1741 830 1819 potens
865 1733 1016 1818 corporis,
1039 1753 1147 1798 rursus
1177 1732 1210 1796 in
1243 1753 1350 1817 genua

309 1836 503 1922 procumbit,
538 1857 634 1902 manu
668 1858 844 1922 provocans
875 1828 999 1920 hostes,
1033 1838 1060 1903 si
1091 1837 1161 1919 quis
1191 1838 1347 1920 congredi

259 1955 291 2005 14
308 1940 452 2008 auderet..
495 1941 640 2007 Tandem
669 1943 838 2008 Peucestes
868 1963 926 2027 per
955 1943 1052 2008 aliam
1081 1940 1191 2027 oppidi
1221 1948 1347 2027 partem
1358 1939 1397 2010 21

309 2044 486 2111 deturbatis
528 2047 817 2130 propugnatoribus
851 2046 941 2127 muri,
976 2045 1113 2129 vestigia
1149 2064 1347 2130 persequens

259 2173 290 2223 15
309 2149 403 2233 regis,
423 2150 614 2234 supervenit.
662 2149 732 2227 Quo
763 2157 934 2234 conspecto
965 2149 1157 2230 Alexander,
1187 2149 1253 2214 iam
1283 2170 1346 2215 non

309 2254 393 2320 vitae
416 2273 501 2336 suae,
518 2255 576 2320 sed
594 2249 704 2320 m'ortis
720 2255 873 2320 solacium
888 2255 1112 2348 supervenisse
1126 2259 1224 2336 ratus,
1241 2255 1346 2340 clipeo

308 2356 476 2441 fatigatum
505 2377 619 2444 corpus
650 2359 785 2444 excepit.
833 2358 976 2425 Subinde
1006 2359 1157 2425 Timaeus
1187 2364 1218 2423 et
1248 2361 1347 2443 paulo

257 2486 289 2536 16
307 2468 379 2545 post
394 2461 584 2545 Leonnatus,
601 2461 675 2529 huic
691 2463 859 2543 Aristonus
882 2463 1075 2550 supervenit.
1120 2462 1192 2528 Indi
1208 2483 1345 2546 quoquc,

307 2585 379 2630 cum
411 2562 497 2630 intra
533 2567 658 2632 moenia
689 2588 798 2651 rogem
840 2587 910 2633 esse
944 2567 1180 2654 comperissent,
1219 2568 1345 2636 omissis

307 2669 419 2736 ceteris
442 2670 517 2736 illuc
540 2679 765 2738 concurrerunt
791 2671 1010 2756 urgebantque
1032 2678 1237 2758 protegentes
1260 2693 1343 2739 cum.

306 2775 333 2839 E
364 2774 477 2857 quibus
508 2775 657 2841 Timaeus
691 2777 798 2842 multis
828 2776 963 2842 adverso
994 2797 1126 2863 corpore
1158 2777 1345 2844 vulneribus

256 2903 287 2951 17
305 2876 445 2964 acceptis
468 2880 661 2964 egregiaque
684 2881 770 2947 edita
788 2901 898 2966 pugna
921 2881 1051 2948 cecidit:
1075 2884 1246 2948 Peucestes
1270 2903 1345 2965 qno·

306 3003 376 3065 que,
395 2982 495 3048 tribus
525 2985 636 3050 iaculis
667 2986 840 3071 confossus,
862 3007 926 3052 non
956 3005 990 3052 se
1020 2993 1126 3054 tamen
1156 2993 1256 3067 scuto,
1285 2987 1345 3052 sed

305 3106 413 3169 regem
435 3089 597 3153 tuebatur:
622 3089 812 3171 Leonnatus,
832 3090 907 3155 dum
929 3090 1023 3156 avide
1039 3097 1166 3156 ruentes
1189 3090 1344 3156 barbaros

306 3199 490 3273 summovet,
525 3194 649 3259 cervice
682 3195 823 3278 graviter
851 3195 916 3262 iota
949 3195 1142 3260 semianimis
1174 3195 1346 3279 procubuit

256 3315 287 3365 ra
305 3302 379 3360 ante
401 3297 486 3380 regis
501 3298 609 3382 pedes.
640 3300 726 3364 ¹lam
748 3305 780 3365 et
795 3301 964 3365 Peucestes
980 3300 1167 3366 vulneribus
1190 3299 1344 3382 fatigatus

306 3399 504 3467 summiserat
530 3402 684 3488 clipeum:
707 3404 739 3468 in
763 3403 911 3469 Aristono
941 3423 1014 3489 spes
1044 3404 1155 3469 ultima
1177 3403 1340 3469 haerebat.

305 3505 366 3570 Hic
389 3525 515 3589 quoque
537 3509 680 3592 graviter
709 3510 836 3575 saucius
858 3515 979 3575 tantam
1001 3509 1066 3574 vim
1094 3506 1236 3574 hostium
1259 3507 1344 3574 ultra

255 3630 287 3681 19
305 3614 459 3681 sustinere
481 3636 546 3680 non
568 3620 702 3699 poterat.
750 3615 837 3681 Inter
858 3614 939 3680 haec
961 3613 1003 3679 ad
1018 3613 1210 3678 Macedonas
1232 3633 1343 3695 regem

306 3720 457 3786 cecidisse
481 3720 567 3784 fama
593 3720 716 3803 perlata
738 3727 795 3784 est.
842 3719 1020 3784 Terruisset
1048 3717 1137 3799 alios,
1161 3716 1247 3800 quod
1269 3717 1342 3783 illos

306 3824 458 3889 incitavit.
503 3824 650 3907 Namque
680 3824 813 3908 periculi
843 3824 942 3889 omnis
973 3824 1171 3889 immemores
1201 3823 1341 3888 dolabris
