<?xml version="1.0" encoding="UTF-8"?>
<!DOCTYPE html PUBLIC "-//W3C//DTD XHTML 1.0 Transitional//EN"
    "http://www.w3.org/TR/xhtml1/DTD/xhtml1-transitional.dtd">
<html xmlns="http://www.w3.org/1999/xhtml" xml:lang="en" lang="en">
 <head>
  <title>
</title>
<meta http-equiv="Content-Type" content="text/html;charset=utf-8" />
  <meta name='ocr-system' content='tesseract 3.04.00' />
  <meta name='ocr-capabilities' content='ocr_page ocr_carea ocr_par ocr_line ocrx_word'/>
</head>
<body>
  <div class='ocr_page' id='page_1' title='image "./qcurtirufihisto00stangoog_0177.png"; bbox 0 0 3040 4318; ppageno 0'>
   <div class='ocr_carea' id='block_1_1' title="bbox 281 179 934 251">
    <p class='ocr_par' dir='ltr' id='par_1_1' title="bbox 281 179 934 251">
     <span class='ocr_line' id='line_1_1' title="bbox 281 179 934 251; baseline -0.009 -8"><span class='ocrx_word' id='word_1_1' title='bbox 281 179 344 243; x_wconf 82' lang='lat'>144</span> <span class='ocrx_word' id='word_1_2' title='bbox 669 186 699 251; x_wconf 79' lang='lat' dir='ltr'>Q.</span> <span class='ocrx_word' id='word_1_3' title='bbox 720 185 829 239; x_wconf 83' lang='lat' dir='ltr'>CURTI</span> <span class='ocrx_word' id='word_1_4' title='bbox 848 185 934 240; x_wconf 85' lang='lat' dir='ltr'><strong>RUFI</strong></span> 
     </span>
    </p>
   </div>
   <div class='ocr_carea' id='block_1_2' title="bbox 277 385 1316 683">
    <p class='ocr_par' dir='ltr' id='par_1_2' title="bbox 277 385 1316 683">
     <span class='ocr_line' id='line_1_2' title="bbox 278 385 1314 475; baseline 0.003 -25"><span class='ocrx_word' id='word_1_5' title='bbox 278 385 434 452; x_wconf 89' lang='lat' dir='ltr'>bellicosa</span> <span class='ocrx_word' id='word_1_6' title='bbox 462 388 549 454; x_wconf 89' lang='lat' dir='ltr'>natio</span> <span class='ocrx_word' id='word_1_7' title='bbox 572 396 630 454; x_wconf 87' lang='lat' dir='ltr'>est.</span> <span class='ocrx_word' id='word_1_8' title='bbox 678 389 830 475; x_wconf 80' lang='lat' dir='ltr'>Satrapes</span> <span class='ocrx_word' id='word_1_9' title='bbox 861 397 928 456; x_wconf 87' lang='lat' dir='ltr'>erat</span> <span class='ocrx_word' id='word_1_10' title='bbox 951 391 1153 471; x_wconf 82' lang='lat' dir='ltr'>Barzaentes,</span> <span class='ocrx_word' id='word_1_11' title='bbox 1184 389 1314 454; x_wconf 87' lang='lat' dir='ltr'>sceleris</span> 
     </span>
     <span class='ocr_line' id='line_1_3' title="bbox 277 491 1316 580; baseline 0.002 -25"><span class='ocrx_word' id='word_1_12' title='bbox 277 491 310 555; x_wconf 94' lang='lat' dir='ltr'>in</span> <span class='ocrx_word' id='word_1_13' title='bbox 332 511 443 574; x_wconf 85' lang='lat' dir='ltr'>regem</span> <span class='ocrx_word' id='word_1_14' title='bbox 467 512 559 557; x_wconf 91' lang='lat' dir='ltr'>suurn</span> <span class='ocrx_word' id='word_1_15' title='bbox 581 493 741 579; x_wconf 79' lang='lat' dir='ltr'>particeps</span> <span class='ocrx_word' id='word_1_16' title='bbox 765 495 882 560; x_wconf 89' lang='lat' dir='ltr'>Besso:</span> <span class='ocrx_word' id='word_1_17' title='bbox 913 495 940 560; x_wconf 94' lang='lat' dir='ltr'>is</span> <span class='ocrx_word' id='word_1_18' title='bbox 964 495 1202 580; x_wconf 80' lang='lat' dir='ltr'>suppliciorum,</span> <span class='ocrx_word' id='word_1_19' title='bbox 1234 512 1316 576; x_wconf 90' lang='lat' dir='ltr'>quae</span> 
     </span>
     <span class='ocr_line' id='line_1_4' title="bbox 278 598 936 683; baseline 0.006 -23"><span class='ocrx_word' id='word_1_20' title='bbox 278 602 446 678; x_wconf 88' lang='lat' dir='ltr'>meruerat,</span> <span class='ocrx_word' id='word_1_21' title='bbox 471 604 560 663; x_wconf 92' lang='lat' dir='ltr'>metu</span> <span class='ocrx_word' id='word_1_22' title='bbox 581 598 725 683; x_wconf 83' lang='lat' dir='ltr'>profugit</span> <span class='ocrx_word' id='word_1_23' title='bbox 747 599 780 664; x_wconf 93' lang='lat' dir='ltr'>in</span> <span class='ocrx_word' id='word_1_24' title='bbox 802 599 936 664; x_wconf 88' lang='lat' dir='ltr'>Indiam.</span> 
     </span>
    </p>
   </div>
   <div class='ocr_carea' id='block_1_3' title="bbox 729 791 871 845">
    <p class='ocr_par' dir='ltr' id='par_1_3' title="bbox 729 791 871 845">
     <span class='ocr_line' id='line_1_5' title="bbox 729 791 871 845; baseline 0 -1"><span class='ocrx_word' id='word_1_25' title='bbox 729 791 794 844; x_wconf 73' lang='lat' dir='ltr'>Car.</span> <span class='ocrx_word' id='word_1_26' title='bbox 812 791 871 845; x_wconf 88' lang='lat' dir='ltr'>VH.</span> 
     </span>
    </p>
   </div>
   <div class='ocr_carea' id='block_1_4' title="bbox 242 907 1368 2143">
    <p class='ocr_par' dir='ltr' id='par_1_4' title="bbox 242 907 1368 2143">
     <span class='ocr_line' id='line_1_6' title="bbox 245 907 1368 992; baseline 0.004 -18"><span class='ocrx_word' id='word_1_27' title='bbox 245 917 257 966; x_wconf 96' lang='lat'>1</span> <span class='ocrx_word' id='word_1_28' title='bbox 381 911 451 976; x_wconf 92' lang='lat' dir='ltr'>Iam</span> <span class='ocrx_word' id='word_1_29' title='bbox 473 931 589 976; x_wconf 91' lang='lat' dir='ltr'>nonum</span> <span class='ocrx_word' id='word_1_30' title='bbox 611 911 696 976; x_wconf 89' lang='lat' dir='ltr'>diem</span> <span class='ocrx_word' id='word_1_31' title='bbox 726 913 843 976; x_wconf 86' lang='lat' dir='ltr'>stativa</span> <span class='ocrx_word' id='word_1_32' title='bbox 873 918 972 992; x_wconf 86' lang='lat' dir='ltr'>erant,</span> <span class='ocrx_word' id='word_1_33' title='bbox 1005 932 1085 990; x_wconf 81' lang='lat' dir='ltr'>cum,</span> <span class='ocrx_word' id='word_1_34' title='bbox 1118 911 1158 974; x_wconf 83' lang='lat' dir='ltr'>ab</span> <span class='ocrx_word' id='word_1_35' title='bbox 1183 917 1316 975; x_wconf 84' lang='lat' dir='ltr'>externa</span> <span class='ocrx_word' id='word_1_36' title='bbox 1324 907 1368 978; x_wconf 78' lang='lat'>25</span> 
     </span>
     <span class='ocr_line' id='line_1_7' title="bbox 277 1014 1315 1098; baseline -0.002 -18"><span class='ocrx_word' id='word_1_37' title='bbox 277 1015 310 1080; x_wconf 85' lang='lat' dir='ltr'>vi</span> <span class='ocrx_word' id='word_1_38' title='bbox 332 1034 395 1080; x_wconf 94' lang='lat' dir='ltr'>non</span> <span class='ocrx_word' id='word_1_39' title='bbox 417 1015 555 1082; x_wconf 87' lang='lat' dir='ltr'>invictus</span> <span class='ocrx_word' id='word_1_40' title='bbox 578 1016 673 1081; x_wconf 93' lang='lat' dir='ltr'>modo</span> <span class='ocrx_word' id='word_1_41' title='bbox 695 1037 762 1098; x_wconf 86' lang='lat' dir='ltr'>rex,</span> <span class='ocrx_word' id='word_1_42' title='bbox 785 1015 843 1083; x_wconf 89' lang='lat' dir='ltr'>scd</span> <span class='ocrx_word' id='word_1_43' title='bbox 869 1021 965 1098; x_wconf 82' lang='lat' dir='ltr'>tutus,</span> <span class='ocrx_word' id='word_1_44' title='bbox 997 1015 1148 1080; x_wconf 86' lang='lat' dir='ltr'>intestino</span> <span class='ocrx_word' id='word_1_45' title='bbox 1174 1014 1315 1079; x_wconf 86' lang='lat' dir='ltr'>facinore</span> 
     </span>
     <span class='ocr_line' id='line_1_8' title="bbox 243 1112 1298 1204; baseline -0.002 -20"><span class='ocrx_word' id='word_1_46' title='bbox 243 1120 455 1203; x_wconf 69' lang='lat' dir='ltr'>sperebatur.</span> <span class='ocrx_word' id='word_1_47' title='bbox 501 1112 658 1204; x_wconf 89' lang='lat' dir='ltr'>Dymnus,</span> <span class='ocrx_word' id='word_1_48' title='bbox 690 1120 834 1186; x_wconf 88' lang='lat' dir='ltr'>modicae</span> <span class='ocrx_word' id='word_1_49' title='bbox 865 1120 951 1204; x_wconf 90' lang='lat' dir='ltr'>apud</span> <span class='ocrx_word' id='word_1_50' title='bbox 980 1140 1091 1202; x_wconf 84' lang='lat' dir='ltr'>regem</span> <span class='ocrx_word' id='word_1_51' title='bbox 1116 1119 1298 1184; x_wconf 81' lang='lat' dir='ltr'>auctoritati</span> 
     </span>
     <span class='ocr_line' id='line_1_9' title="bbox 278 1223 1315 1307; baseline -0.001 -19"><span class='ocrx_word' id='word_1_52' title='bbox 278 1229 311 1289; x_wconf 87' lang='lat' dir='ltr'>ct</span> <span class='ocrx_word' id='word_1_53' title='bbox 334 1223 468 1307; x_wconf 83' lang='lat' dir='ltr'>gratiae,</span> <span class='ocrx_word' id='word_1_54' title='bbox 499 1224 626 1306; x_wconf 85' lang='lat' dir='ltr'>exoleti,</span> <span class='ocrx_word' id='word_1_55' title='bbox 660 1224 710 1290; x_wconf 91' lang='lat' dir='ltr'>cui</span> <span class='ocrx_word' id='word_1_56' title='bbox 733 1223 928 1289; x_wconf 88' lang='lat' dir='ltr'>Nicomacho</span> <span class='ocrx_word' id='word_1_57' title='bbox 952 1231 1021 1289; x_wconf 90' lang='lat' dir='ltr'>erat</span> <span class='ocrx_word' id='word_1_58' title='bbox 1050 1243 1175 1304; x_wconf 87' lang='lat' dir='ltr'>nomen,</span> <span class='ocrx_word' id='word_1_59' title='bbox 1207 1243 1315 1288; x_wconf 92' lang='lat' dir='ltr'>amore</span> 
     </span>
     <span class='ocr_line' id='line_1_10' title="bbox 244 1325 1314 1414; baseline 0.002 -24"><span class='ocrx_word' id='word_1_60' title='bbox 244 1325 446 1410; x_wconf 82' lang='lat' dir='ltr'>3flagrabat,</span> <span class='ocrx_word' id='word_1_61' title='bbox 472 1327 624 1410; x_wconf 88' lang='lat' dir='ltr'>obsequio</span> <span class='ocrx_word' id='word_1_62' title='bbox 647 1329 700 1394; x_wconf 92' lang='lat' dir='ltr'>uni</span> <span class='ocrx_word' id='word_1_63' title='bbox 723 1329 783 1396; x_wconf 93' lang='lat' dir='ltr'>sibi</span> <span class='ocrx_word' id='word_1_64' title='bbox 807 1329 906 1394; x_wconf 86' lang='lat' dir='ltr'>dediti</span> <span class='ocrx_word' id='word_1_65' title='bbox 929 1330 1070 1414; x_wconf 87' lang='lat' dir='ltr'>corporis</span> <span class='ocrx_word' id='word_1_66' title='bbox 1092 1329 1226 1395; x_wconf 86' lang='lat' dir='ltr'>vinctus.</span> <span class='ocrx_word' id='word_1_67' title='bbox 1273 1329 1314 1409; x_wconf 86' lang='lat' dir='ltr'>Is,</span> 
     </span>
     <span class='ocr_line' id='line_1_11' title="bbox 279 1430 1315 1518; baseline 0.002 -22"><span class='ocrx_word' id='word_1_68' title='bbox 279 1430 364 1513; x_wconf 88' lang='lat' dir='ltr'>quod</span> <span class='ocrx_word' id='word_1_69' title='bbox 387 1453 427 1496; x_wconf 83' lang='lat' dir='ltr'>cn</span> <span class='ocrx_word' id='word_1_70' title='bbox 449 1433 540 1498; x_wconf 87' lang='lat' dir='ltr'>vultu</span> <span class='ocrx_word' id='word_1_71' title='bbox 563 1453 686 1515; x_wconf 82' lang='lat' dir='ltr'>quoque</span> <span class='ocrx_word' id='word_1_72' title='bbox 712 1433 851 1518; x_wconf 79' lang='lat' dir='ltr'>perspici</span> <span class='ocrx_word' id='word_1_73' title='bbox 877 1440 1011 1518; x_wconf 89' lang='lat' dir='ltr'>poterat,</span> <span class='ocrx_word' id='word_1_74' title='bbox 1038 1434 1148 1499; x_wconf 89' lang='lat' dir='ltr'>similis</span> <span class='ocrx_word' id='word_1_75' title='bbox 1171 1433 1315 1514; x_wconf 87' lang='lat' dir='ltr'>attonito,</span> 
     </span>
     <span class='ocr_line' id='line_1_12' title="bbox 278 1536 1317 1622; baseline 0.003 -23"><span class='ocrx_word' id='word_1_76' title='bbox 278 1536 408 1600; x_wconf 86' lang='lat' dir='ltr'>remotis</span> <span class='ocrx_word' id='word_1_77' title='bbox 431 1537 557 1601; x_wconf 89' lang='lat' dir='ltr'>arbitris</span> <span class='ocrx_word' id='word_1_78' title='bbox 583 1557 654 1602; x_wconf 92' lang='lat' dir='ltr'>oum</span> <span class='ocrx_word' id='word_1_79' title='bbox 676 1537 791 1602; x_wconf 86' lang='lat' dir='ltr'>iuvene</span> <span class='ocrx_word' id='word_1_80' title='bbox 808 1537 940 1602; x_wconf 88' lang='lat' dir='ltr'>secessit</span> <span class='ocrx_word' id='word_1_81' title='bbox 962 1537 996 1602; x_wconf 94' lang='lat' dir='ltr'>in</span> <span class='ocrx_word' id='word_1_82' title='bbox 1010 1538 1174 1622; x_wconf 87' lang='lat' dir='ltr'>templum,</span> <span class='ocrx_word' id='word_1_83' title='bbox 1199 1558 1317 1603; x_wconf 90' lang='lat' dir='ltr'>aroana</span> 
     </span>
     <span class='ocr_line' id='line_1_13' title="bbox 242 1637 1318 1727; baseline 0.007 -27"><span class='ocrx_word' id='word_1_84' title='bbox 242 1637 369 1704; x_wconf 72' lang='lat' dir='ltr'>lse&#39;et</span> <span class='ocrx_word' id='word_1_85' title='bbox 396 1639 522 1706; x_wconf 89' lang='lat' dir='ltr'>silenda</span> <span class='ocrx_word' id='word_1_86' title='bbox 546 1641 660 1706; x_wconf 87' lang='lat' dir='ltr'>afferre</span> <span class='ocrx_word' id='word_1_87' title='bbox 688 1641 861 1726; x_wconf 89' lang='lat' dir='ltr'>praefatus,</span> <span class='ocrx_word' id='word_1_88' title='bbox 893 1662 1146 1726; x_wconf 87' lang='lat' dir='ltr'>suspensumque</span> <span class='ocrx_word' id='word_1_89' title='bbox 1169 1649 1318 1727; x_wconf 83' lang='lat' dir='ltr'>expecta-</span> 
     </span>
     <span class='ocr_line' id='line_1_14' title="bbox 278 1744 1317 1830; baseline 0.003 -23"><span class='ocrx_word' id='word_1_90' title='bbox 278 1744 364 1809; x_wconf 91' lang='lat' dir='ltr'>tione</span> <span class='ocrx_word' id='word_1_91' title='bbox 387 1765 444 1828; x_wconf 91' lang='lat' dir='ltr'>per</span> <span class='ocrx_word' id='word_1_92' title='bbox 466 1751 607 1810; x_wconf 92' lang='lat' dir='ltr'>mutuam</span> <span class='ocrx_word' id='word_1_93' title='bbox 630 1747 795 1810; x_wconf 87' lang='lat' dir='ltr'>caritatem</span> <span class='ocrx_word' id='word_1_94' title='bbox 822 1753 854 1812; x_wconf 89' lang='lat' dir='ltr'>et</span> <span class='ocrx_word' id='word_1_95' title='bbox 876 1745 1012 1830; x_wconf 81' lang='lat' dir='ltr'>pignora</span> <span class='ocrx_word' id='word_1_96' title='bbox 1034 1747 1198 1829; x_wconf 88' lang='lat' dir='ltr'>utriusque</span> <span class='ocrx_word' id='word_1_97' title='bbox 1220 1747 1317 1811; x_wconf 90' lang='lat' dir='ltr'>animi</span> 
     </span>
     <span class='ocr_line' id='line_1_15' title="bbox 278 1847 1317 1932; baseline 0.002 -20"><span class='ocrx_word' id='word_1_98' title='bbox 278 1855 381 1931; x_wconf 86' lang='lat' dir='ltr'>rogat,</span> <span class='ocrx_word' id='word_1_99' title='bbox 404 1855 439 1914; x_wconf 95' lang='lat' dir='ltr'>ut</span> <span class='ocrx_word' id='word_1_100' title='bbox 464 1847 601 1914; x_wconf 83' lang='lat' dir='ltr'>affirmet</span> <span class='ocrx_word' id='word_1_101' title='bbox 624 1850 834 1932; x_wconf 80' lang='lat' dir='ltr'>iureiurando,</span> <span class='ocrx_word' id='word_1_102' title='bbox 868 1871 950 1932; x_wconf 90' lang='lat' dir='ltr'>quae</span> <span class='ocrx_word' id='word_1_103' title='bbox 981 1851 1197 1932; x_wconf 86' lang='lat' dir='ltr'>commisisset,</span> <span class='ocrx_word' id='word_1_104' title='bbox 1225 1851 1317 1916; x_wconf 86' lang='lat' dir='ltr'>silen-</span> 
     </span>
     <span class='ocr_line' id='line_1_16' title="bbox 245 1952 1317 2037; baseline 0.004 -23"><span class='ocrx_word' id='word_1_105' title='bbox 245 1964 261 2014; x_wconf 85' lang='lat'>5</span> <span class='ocrx_word' id='word_1_106' title='bbox 279 1952 324 2018; x_wconf 91' lang='lat' dir='ltr'>tio</span> <span class='ocrx_word' id='word_1_107' title='bbox 348 1973 420 2018; x_wconf 87' lang='lat' dir='ltr'>asse</span> <span class='ocrx_word' id='word_1_108' title='bbox 441 1959 606 2019; x_wconf 89' lang='lat' dir='ltr'>tecturum.</span> <span class='ocrx_word' id='word_1_109' title='bbox 646 1955 687 2018; x_wconf 86' lang='lat' dir='ltr'>Et</span> <span class='ocrx_word' id='word_1_110' title='bbox 708 1953 772 2036; x_wconf 86' lang='lat' dir='ltr'>ille,</span> <span class='ocrx_word' id='word_1_111' title='bbox 795 1961 883 2020; x_wconf 89' lang='lat' dir='ltr'>ratus</span> <span class='ocrx_word' id='word_1_112' title='bbox 906 1955 995 2036; x_wconf 87' lang='lat' dir='ltr'>nihil,</span> <span class='ocrx_word' id='word_1_113' title='bbox 1021 1955 1106 2037; x_wconf 92' lang='lat' dir='ltr'>quod</span> <span class='ocrx_word' id='word_1_114' title='bbox 1128 1956 1223 2020; x_wconf 89' lang='lat' dir='ltr'>etiam</span> <span class='ocrx_word' id='word_1_115' title='bbox 1245 1976 1317 2020; x_wconf 91' lang='lat' dir='ltr'>cum</span> 
     </span>
     <span class='ocr_line' id='line_1_17' title="bbox 279 2056 1316 2143; baseline 0.001 -21"><span class='ocrx_word' id='word_1_116' title='bbox 279 2056 416 2140; x_wconf 83' lang='lat' dir='ltr'>periurio</span> <span class='ocrx_word' id='word_1_117' title='bbox 434 2056 655 2139; x_wconf 84' lang='lat' dir='ltr'>detegendum</span> <span class='ocrx_word' id='word_1_118' title='bbox 678 2059 769 2138; x_wconf 83' lang='lat' dir='ltr'>foret,</span> <span class='ocrx_word' id='word_1_119' title='bbox 796 2058 1018 2140; x_wconf 83' lang='lat' dir='ltr'>indicaturum,</span> <span class='ocrx_word' id='word_1_120' title='bbox 1051 2079 1109 2143; x_wconf 88' lang='lat' dir='ltr'>per</span> <span class='ocrx_word' id='word_1_121' title='bbox 1131 2066 1316 2142; x_wconf 87' lang='lat' dir='ltr'>praesentes</span> 
     </span>
    </p>
   </div>
   <div class='ocr_carea' id='block_1_5' title="bbox 244 2160 1318 2769">
    <p class='ocr_par' dir='ltr' id='par_1_5' title="bbox 244 2160 1318 2769">
     <span class='ocr_line' id='line_1_18' title="bbox 244 2160 1317 2247; baseline 0.003 -25"><span class='ocrx_word' id='word_1_122' title='bbox 244 2160 356 2226; x_wconf 81' lang='lat' dir='ltr'>sdeos</span> <span class='ocrx_word' id='word_1_123' title='bbox 379 2161 470 2227; x_wconf 90' lang='lat' dir='ltr'>iurat.</span> <span class='ocrx_word' id='word_1_124' title='bbox 521 2164 601 2227; x_wconf 81' lang='lat' dir='ltr'>Turn</span> <span class='ocrx_word' id='word_1_125' title='bbox 624 2163 771 2247; x_wconf 89' lang='lat' dir='ltr'>Dymnus</span> <span class='ocrx_word' id='word_1_126' title='bbox 793 2163 895 2247; x_wconf 92' lang='lat' dir='ltr'>aperit</span> <span class='ocrx_word' id='word_1_127' title='bbox 923 2163 956 2226; x_wconf 92' lang='lat' dir='ltr'>in</span> <span class='ocrx_word' id='word_1_128' title='bbox 988 2163 1115 2228; x_wconf 88' lang='lat' dir='ltr'>tertium</span> <span class='ocrx_word' id='word_1_129' title='bbox 1138 2163 1222 2228; x_wconf 88' lang='lat' dir='ltr'>diem</span> <span class='ocrx_word' id='word_1_130' title='bbox 1248 2163 1317 2245; x_wconf 86' lang='lat' dir='ltr'>regi</span> 
     </span>
     <span class='ocr_line' id='line_1_19' title="bbox 278 2265 1317 2352; baseline 0.002 -24"><span class='ocrx_word' id='word_1_131' title='bbox 278 2265 410 2332; x_wconf 84' lang='lat' dir='ltr'>insidias</span> <span class='ocrx_word' id='word_1_132' title='bbox 434 2274 643 2352; x_wconf 88' lang='lat' dir='ltr'>comparatas,</span> <span class='ocrx_word' id='word_1_133' title='bbox 669 2288 767 2350; x_wconf 90' lang='lat' dir='ltr'>seque</span> <span class='ocrx_word' id='word_1_134' title='bbox 794 2267 861 2332; x_wconf 89' lang='lat' dir='ltr'>eius</span> <span class='ocrx_word' id='word_1_135' title='bbox 884 2267 1008 2332; x_wconf 89' lang='lat' dir='ltr'>consilii</span> <span class='ocrx_word' id='word_1_136' title='bbox 1030 2267 1164 2332; x_wconf 85' lang='lat' dir='ltr'>fortibus</span> <span class='ocrx_word' id='word_1_137' title='bbox 1186 2267 1262 2332; x_wconf 87' lang='lat' dir='ltr'>viris</span> <span class='ocrx_word' id='word_1_138' title='bbox 1286 2273 1317 2331; x_wconf 88' lang='lat' dir='ltr'>et</span> 
     </span>
     <span class='ocr_line' id='line_1_20' title="bbox 244 2369 1316 2456; baseline 0.005 -25"><span class='ocrx_word' id='word_1_139' title='bbox 244 2370 452 2436; x_wconf 73' lang='lat' dir='ltr'>tillustribus</span> <span class='ocrx_word' id='word_1_140' title='bbox 475 2392 546 2437; x_wconf 88' lang='lat' dir='ltr'>esse</span> <span class='ocrx_word' id='word_1_141' title='bbox 569 2372 767 2456; x_wconf 88' lang='lat' dir='ltr'>participem.</span> <span class='ocrx_word' id='word_1_142' title='bbox 803 2369 882 2448; x_wconf 77' lang='lat' dir='ltr'>Quis</span> <span class='ocrx_word' id='word_1_143' title='bbox 903 2371 1027 2437; x_wconf 86' lang='lat' dir='ltr'>iuvenis</span> <span class='ocrx_word' id='word_1_144' title='bbox 1051 2372 1167 2437; x_wconf 91' lang='lat' dir='ltr'>auditis</span> <span class='ocrx_word' id='word_1_145' title='bbox 1191 2391 1226 2438; x_wconf 89' lang='lat' dir='ltr'>se</span> <span class='ocrx_word' id='word_1_146' title='bbox 1241 2392 1316 2437; x_wconf 84' lang='lat' dir='ltr'>vero</span> 
     </span>
     <span class='ocr_line' id='line_1_21' title="bbox 279 2473 1318 2560; baseline 0.002 -23"><span class='ocrx_word' id='word_1_147' title='bbox 279 2473 374 2540; x_wconf 89' lang='lat' dir='ltr'>fidem</span> <span class='ocrx_word' id='word_1_148' title='bbox 397 2476 430 2540; x_wconf 93' lang='lat' dir='ltr'>in</span> <span class='ocrx_word' id='word_1_149' title='bbox 453 2476 623 2560; x_wconf 85' lang='lat' dir='ltr'>parricidio</span> <span class='ocrx_word' id='word_1_150' title='bbox 655 2476 782 2541; x_wconf 86' lang='lat' dir='ltr'>dedisse</span> <span class='ocrx_word' id='word_1_151' title='bbox 813 2482 997 2542; x_wconf 84' lang='lat' dir='ltr'>constanter</span> <span class='ocrx_word' id='word_1_152' title='bbox 1025 2477 1136 2541; x_wconf 91' lang='lat' dir='ltr'>abnuit</span> <span class='ocrx_word' id='word_1_153' title='bbox 1164 2495 1224 2541; x_wconf 86' lang='lat' dir='ltr'>nec</span> <span class='ocrx_word' id='word_1_154' title='bbox 1250 2477 1318 2541; x_wconf 93' lang='lat' dir='ltr'>ulla</span> 
     </span>
     <span class='ocr_line' id='line_1_22' title="bbox 247 2579 1314 2664; baseline 0.004 -23"><span class='ocrx_word' id='word_1_155' title='bbox 247 2579 447 2662; x_wconf 82' lang='lat' dir='ltr'>8religionc,</span> <span class='ocrx_word' id='word_1_156' title='bbox 477 2587 511 2646; x_wconf 93' lang='lat' dir='ltr'>ut</span> <span class='ocrx_word' id='word_1_157' title='bbox 538 2580 644 2645; x_wconf 87' lang='lat' dir='ltr'>soclus</span> <span class='ocrx_word' id='word_1_158' title='bbox 674 2586 772 2662; x_wconf 83' lang='lat' dir='ltr'>tegat,</span> <span class='ocrx_word' id='word_1_159' title='bbox 801 2600 897 2664; x_wconf 90' lang='lat' dir='ltr'>posse</span> <span class='ocrx_word' id='word_1_160' title='bbox 927 2581 1111 2663; x_wconf 81' lang='lat' dir='ltr'>constringi.</span> <span class='ocrx_word' id='word_1_161' title='bbox 1158 2581 1314 2664; x_wconf 90' lang='lat' dir='ltr'>Dymnus,</span> 
     </span>
     <span class='ocr_line' id='line_1_23' title="bbox 280 2684 1316 2769; baseline 0.001 -21"><span class='ocrx_word' id='word_1_162' title='bbox 280 2690 311 2748; x_wconf 89' lang='lat' dir='ltr'>et</span> <span class='ocrx_word' id='word_1_163' title='bbox 334 2704 442 2750; x_wconf 91' lang='lat' dir='ltr'>amore</span> <span class='ocrx_word' id='word_1_164' title='bbox 465 2691 496 2749; x_wconf 89' lang='lat' dir='ltr'>ct</span> <span class='ocrx_word' id='word_1_165' title='bbox 526 2691 612 2748; x_wconf 93' lang='lat' dir='ltr'>metu</span> <span class='ocrx_word' id='word_1_166' title='bbox 641 2704 759 2766; x_wconf 82' lang='lat' dir='ltr'>amens,</span> <span class='ocrx_word' id='word_1_167' title='bbox 787 2684 953 2750; x_wconf 86' lang='lat' dir='ltr'>dexteram</span> <span class='ocrx_word' id='word_1_168' title='bbox 983 2685 1102 2750; x_wconf 87' lang='lat' dir='ltr'>exoleti</span> <span class='ocrx_word' id='word_1_169' title='bbox 1133 2684 1316 2769; x_wconf 82' lang='lat' dir='ltr'>complexus</span> 
     </span>
    </p>
   </div>
   <div class='ocr_carea' id='block_1_6' title="bbox 229 2788 1318 3911">
    <p class='ocr_par' dir='ltr' id='par_1_6' title="bbox 229 2788 1318 3911">
     <span class='ocr_line' id='line_1_24' title="bbox 280 2788 1318 2873; baseline 0.001 -21"><span class='ocrx_word' id='word_1_170' title='bbox 280 2794 312 2852; x_wconf 93' lang='lat' dir='ltr'>et</span> <span class='ocrx_word' id='word_1_171' title='bbox 336 2788 506 2853; x_wconf 90' lang='lat' dir='ltr'>lacrimans</span> <span class='ocrx_word' id='word_1_172' title='bbox 529 2808 620 2853; x_wconf 89' lang='lat' dir='ltr'>orare</span> <span class='ocrx_word' id='word_1_173' title='bbox 643 2789 786 2873; x_wconf 90' lang='lat' dir='ltr'>primum,</span> <span class='ocrx_word' id='word_1_174' title='bbox 815 2795 849 2852; x_wconf 93' lang='lat' dir='ltr'>ut</span> <span class='ocrx_word' id='word_1_175' title='bbox 870 2788 1031 2873; x_wconf 88' lang='lat' dir='ltr'>particeps</span> <span class='ocrx_word' id='word_1_176' title='bbox 1056 2789 1178 2854; x_wconf 89' lang='lat' dir='ltr'>consilii</span> <span class='ocrx_word' id='word_1_177' title='bbox 1202 2789 1318 2873; x_wconf 91' lang='lat' dir='ltr'>operis-</span> 
     </span>
     <span class='ocr_line' id='line_1_25' title="bbox 246 2890 1317 2977; baseline 0.004 -24"><span class='ocrx_word' id='word_1_178' title='bbox 246 2901 262 2951; x_wconf 89' lang='lat'>9</span> <span class='ocrx_word' id='word_1_179' title='bbox 281 2911 343 2973; x_wconf 88' lang='lat' dir='ltr'>que</span> <span class='ocrx_word' id='word_1_180' title='bbox 366 2890 472 2956; x_wconf 88' lang='lat' dir='ltr'>fieret:</span> <span class='ocrx_word' id='word_1_181' title='bbox 504 2892 530 2957; x_wconf 93' lang='lat' dir='ltr'>si</span> <span class='ocrx_word' id='word_1_182' title='bbox 553 2893 587 2956; x_wconf 94' lang='lat' dir='ltr'>id</span> <span class='ocrx_word' id='word_1_183' title='bbox 610 2893 766 2957; x_wconf 85' lang='lat' dir='ltr'>sustinere</span> <span class='ocrx_word' id='word_1_184' title='bbox 789 2913 852 2956; x_wconf 91' lang='lat' dir='ltr'>non</span> <span class='ocrx_word' id='word_1_185' title='bbox 874 2897 992 2976; x_wconf 74' lang='lat' dir='ltr'>posset</span> <span class='ocrx_word' id='word_1_186' title='bbox 1021 2900 1162 2958; x_wconf 91' lang='lat' dir='ltr'>attamen</span> <span class='ocrx_word' id='word_1_187' title='bbox 1184 2913 1225 2958; x_wconf 93' lang='lat' dir='ltr'>ne</span> <span class='ocrx_word' id='word_1_188' title='bbox 1248 2913 1317 2977; x_wconf 94' lang='lat' dir='ltr'>pro-</span> 
     </span>
     <span class='ocr_line' id='line_1_26' title="bbox 281 2996 1318 3082; baseline 0.001 -22"><span class='ocrx_word' id='word_1_189' title='bbox 281 2996 370 3061; x_wconf 88' lang='lat' dir='ltr'>deret</span> <span class='ocrx_word' id='word_1_190' title='bbox 400 3016 445 3075; x_wconf 87' lang='lat' dir='ltr'>se,</span> <span class='ocrx_word' id='word_1_191' title='bbox 476 2996 564 3061; x_wconf 91' lang='lat' dir='ltr'>cuius</span> <span class='ocrx_word' id='word_1_192' title='bbox 595 3017 673 3078; x_wconf 81' lang='lat' dir='ltr'>erga</span> <span class='ocrx_word' id='word_1_193' title='bbox 702 2997 806 3080; x_wconf 92' lang='lat' dir='ltr'>ipsum</span> <span class='ocrx_word' id='word_1_194' title='bbox 836 2997 1070 3062; x_wconf 85' lang='lat' dir='ltr'>benivolentiae</span> <span class='ocrx_word' id='word_1_195' title='bbox 1099 3003 1225 3082; x_wconf 90' lang='lat' dir='ltr'>praeter</span> <span class='ocrx_word' id='word_1_196' title='bbox 1254 2997 1318 3062; x_wconf 89' lang='lat' dir='ltr'>alia</span> 
     </span>
     <span class='ocr_line' id='line_1_27' title="bbox 280 3099 1317 3186; baseline 0.002 -22"><span class='ocrx_word' id='word_1_197' title='bbox 280 3099 343 3164; x_wconf 95' lang='lat' dir='ltr'>hoc</span> <span class='ocrx_word' id='word_1_198' title='bbox 378 3120 502 3182; x_wconf 88' lang='lat' dir='ltr'>quoque</span> <span class='ocrx_word' id='word_1_199' title='bbox 536 3100 670 3166; x_wconf 90' lang='lat' dir='ltr'>haberet</span> <span class='ocrx_word' id='word_1_200' title='bbox 703 3099 910 3165; x_wconf 83' lang='lat' dir='ltr'>fortissimum</span> <span class='ocrx_word' id='word_1_201' title='bbox 943 3101 1070 3185; x_wconf 84' lang='lat' dir='ltr'>pignus,</span> <span class='ocrx_word' id='word_1_202' title='bbox 1104 3101 1189 3183; x_wconf 91' lang='lat' dir='ltr'>quod</span> <span class='ocrx_word' id='word_1_203' title='bbox 1222 3108 1317 3186; x_wconf 89' lang='lat' dir='ltr'>caput</span> 
     </span>
     <span class='ocr_line' id='line_1_28' title="bbox 229 3204 1317 3290; baseline 0.005 -26"><span class='ocrx_word' id='word_1_204' title='bbox 229 3213 261 3263; x_wconf 92' lang='lat'>10</span> <span class='ocrx_word' id='word_1_205' title='bbox 279 3224 370 3269; x_wconf 91' lang='lat' dir='ltr'>suum</span> <span class='ocrx_word' id='word_1_206' title='bbox 392 3204 589 3288; x_wconf 88' lang='lat' dir='ltr'>permisisset</span> <span class='ocrx_word' id='word_1_207' title='bbox 618 3204 691 3269; x_wconf 87' lang='lat' dir='ltr'>fidei</span> <span class='ocrx_word' id='word_1_208' title='bbox 722 3204 827 3269; x_wconf 89' lang='lat' dir='ltr'>adhuc</span> <span class='ocrx_word' id='word_1_209' title='bbox 857 3205 1052 3290; x_wconf 83' lang='lat' dir='ltr'>inexpertae.</span> <span class='ocrx_word' id='word_1_210' title='bbox 1099 3204 1151 3269; x_wconf 87' lang='lat' dir='ltr'>Ad</span> <span class='ocrx_word' id='word_1_211' title='bbox 1172 3205 1317 3269; x_wconf 92' lang='lat' dir='ltr'>ultimum</span> 
     </span>
     <span class='ocr_line' id='line_1_29' title="bbox 278 3309 1317 3392; baseline 0.002 -20"><span class='ocrx_word' id='word_1_212' title='bbox 278 3309 420 3373; x_wconf 88' lang='lat' dir='ltr'>aversari</span> <span class='ocrx_word' id='word_1_213' title='bbox 450 3309 554 3373; x_wconf 87' lang='lat' dir='ltr'>scelus</span> <span class='ocrx_word' id='word_1_214' title='bbox 585 3315 843 3392; x_wconf 85' lang='lat' dir='ltr'>perseverantem</span> <span class='ocrx_word' id='word_1_215' title='bbox 872 3309 981 3373; x_wconf 91' lang='lat' dir='ltr'>mortis</span> <span class='ocrx_word' id='word_1_216' title='bbox 1011 3315 1099 3374; x_wconf 90' lang='lat' dir='ltr'>metu</span> <span class='ocrx_word' id='word_1_217' title='bbox 1128 3315 1242 3374; x_wconf 87' lang='lat' dir='ltr'>terret:</span> <span class='ocrx_word' id='word_1_218' title='bbox 1277 3310 1317 3374; x_wconf 90' lang='lat' dir='ltr'>ab</span> 
     </span>
     <span class='ocr_line' id='line_1_30' title="bbox 277 3411 1314 3497; baseline 0.002 -21"><span class='ocrx_word' id='word_1_219' title='bbox 277 3411 333 3476; x_wconf 90' lang='lat' dir='ltr'>illo</span> <span class='ocrx_word' id='word_1_220' title='bbox 355 3412 460 3496; x_wconf 87' lang='lat' dir='ltr'>eapite</span> <span class='ocrx_word' id='word_1_221' title='bbox 484 3412 663 3478; x_wconf 88' lang='lat' dir='ltr'>coniuratos</span> <span class='ocrx_word' id='word_1_222' title='bbox 686 3412 933 3497; x_wconf 89' lang='lat' dir='ltr'>pulcherrimum</span> <span class='ocrx_word' id='word_1_223' title='bbox 955 3412 1079 3477; x_wconf 86' lang='lat' dir='ltr'>facinus</span> <span class='ocrx_word' id='word_1_224' title='bbox 1101 3413 1314 3478; x_wconf 86' lang='lat' dir='ltr'>incohaturus.</span> 
     </span>
     <span class='ocr_line' id='line_1_31' title="bbox 229 3515 1317 3596; baseline 0.007 -22"><span class='ocrx_word' id='word_1_225' title='bbox 229 3527 258 3575; x_wconf 90' lang='lat'>11</span> <span class='ocrx_word' id='word_1_226' title='bbox 279 3515 369 3581; x_wconf 89' lang='lat' dir='ltr'>Alias</span> <span class='ocrx_word' id='word_1_227' title='bbox 393 3516 509 3581; x_wconf 90' lang='lat' dir='ltr'>deinde</span> <span class='ocrx_word' id='word_1_228' title='bbox 533 3517 749 3582; x_wconf 87' lang='lat' dir='ltr'>effeminatum</span> <span class='ocrx_word' id='word_1_229' title='bbox 772 3524 803 3582; x_wconf 88' lang='lat' dir='ltr'>et</span> <span class='ocrx_word' id='word_1_230' title='bbox 825 3517 1021 3582; x_wconf 87' lang='lat' dir='ltr'>muliebriter</span> <span class='ocrx_word' id='word_1_231' title='bbox 1051 3516 1205 3596; x_wconf 89' lang='lat' dir='ltr'>timidum,</span> <span class='ocrx_word' id='word_1_232' title='bbox 1237 3517 1317 3582; x_wconf 90' lang='lat' dir='ltr'>alias</span> 
     </span>
     <span class='ocr_line' id='line_1_32' title="bbox 282 3619 1317 3705; baseline 0 -21"><span class='ocrx_word' id='word_1_233' title='bbox 282 3619 473 3703; x_wconf 88' lang='lat' dir='ltr'>proditorem</span> <span class='ocrx_word' id='word_1_234' title='bbox 497 3621 649 3686; x_wconf 87' lang='lat' dir='ltr'>amatoris</span> <span class='ocrx_word' id='word_1_235' title='bbox 672 3621 851 3705; x_wconf 88' lang='lat' dir='ltr'>appellans,</span> <span class='ocrx_word' id='word_1_236' title='bbox 874 3640 958 3685; x_wconf 91' lang='lat' dir='ltr'>nunc</span> <span class='ocrx_word' id='word_1_237' title='bbox 973 3621 1118 3702; x_wconf 83' lang='lat' dir='ltr'>ingentia</span> <span class='ocrx_word' id='word_1_238' title='bbox 1132 3621 1317 3704; x_wconf 76' lang='lat' dir='ltr'>promittens</span> 
     </span>
     <span class='ocr_line' id='line_1_33' title="bbox 284 3723 1318 3807; baseline 0.001 -20"><span class='ocrx_word' id='word_1_239' title='bbox 284 3760 319 3770; x_wconf 82' lang='lat'>-</span> <span class='ocrx_word' id='word_1_240' title='bbox 352 3723 574 3807; x_wconf 86' lang='lat' dir='ltr'>interdumque</span> <span class='ocrx_word' id='word_1_241' title='bbox 607 3745 742 3807; x_wconf 84' lang='lat' dir='ltr'>regnum</span> <span class='ocrx_word' id='word_1_242' title='bbox 773 3743 898 3807; x_wconf 88' lang='lat' dir='ltr'>quoque</span> <span class='ocrx_word' id='word_1_243' title='bbox 927 3761 969 3769; x_wconf 91' lang='lat'>——</span> <span class='ocrx_word' id='word_1_244' title='bbox 999 3725 1150 3790; x_wconf 88' lang='lat' dir='ltr'>versabat</span> <span class='ocrx_word' id='word_1_245' title='bbox 1179 3724 1318 3788; x_wconf 90' lang='lat' dir='ltr'>animum</span> 
     </span>
     <span class='ocr_line' id='line_1_34' title="bbox 232 3825 1317 3911; baseline 0.006 -25"><span class='ocrx_word' id='word_1_246' title='bbox 232 3838 264 3888; x_wconf 77' lang='lat'>12</span> <span class='ocrx_word' id='word_1_247' title='bbox 282 3832 370 3892; x_wconf 91' lang='lat' dir='ltr'>tanto</span> <span class='ocrx_word' id='word_1_248' title='bbox 405 3826 545 3892; x_wconf 84' lang='lat' dir='ltr'>facinore</span> <span class='ocrx_word' id='word_1_249' title='bbox 579 3827 688 3911; x_wconf 90' lang='lat' dir='ltr'>procul</span> <span class='ocrx_word' id='word_1_250' title='bbox 723 3827 956 3893; x_wconf 86' lang='lat' dir='ltr'>abhorrentem.</span> <span class='ocrx_word' id='word_1_251' title='bbox 1017 3825 1166 3892; x_wconf 84' lang='lat' dir='ltr'>Strictum</span> <span class='ocrx_word' id='word_1_252' title='bbox 1201 3826 1317 3893; x_wconf 86' lang='lat' dir='ltr'>deinde</span> 
     </span>
    </p>
   </div>
   <div class='ocr_carea' id='block_1_7' title="bbox 0 0 1524 4318">
    <p class='ocr_par' dir='ltr' id='par_1_7' title="bbox 0 0 1524 4318">
     <span class='ocr_line' id='line_1_35' title="bbox 0 0 1524 4318; baseline 0 0"><span class='ocrx_word' id='word_1_253' title='bbox 0 0 1524 4318; x_wconf 95' lang='lat' dir='ltr'> </span> 
     </span>
    </p>
   </div>
  </div>
 </body>
</html>
