3028 4322
258 160 301 224 40
650 160 681 225 Q.
701 158 809 212 GURTl
827 159 914 213 RUFI

259 367 397 434 admotis
413 389 470 453 per
485 366 658 432 ludibrium
674 367 918 451 exprobrabant,
942 366 1023 448 illos,
1047 367 1144 430 armis
1166 365 1301 444 inolitos,

258 472 364 554 dorso,
388 472 470 537 sieut
492 471 644 552 iumenta,
668 491 764 536 onera
775 477 918 553 gestare:
932 471 1173 554 interrogabant
1195 469 1300 548 etiam,

258 599 334 644 num
365 577 466 642 maior
495 576 646 661 Neptuno
681 575 862 641 Alexander
891 583 985 642 esset.
1038 575 1129 639 Haeo
1157 573 1227 659 ipsa
1256 573 1300 636 in-

206 697 236 745 21
259 682 394 746 sectatio
417 681 613 746 alacritatem
645 679 778 744 militum
808 679 963 746 aeeendit.
1010 682 1143 762 lamque
1166 679 1295 763 paulum
1311 672 1347 743 ll

259 786 358 850 moles
381 805 466 869 aqua
486 785 654 865 eminebat,
673 791 705 849 et
722 784 815 849 simul
831 785 961 868 aggeris
976 783 1111 849 latitudo
1127 783 1301 864 erescebat,

257 889 391 971 urbique
423 888 669 954 admovebatur:
709 909 780 953 oum
814 889 905 972 Tyrii
939 884 1159 971 magnitudine
1194 886 1298 968 molis,

257 994 345 1058 euius
368 993 597 1058 incrementum
612 1011 668 1058 eos
683 998 778 1056 antea
794 991 963 1072 fefellerat,
987 997 1161 1076 oonspeota
1176 991 1301 1056 levibus

256 1097 393 1179 navigiis
416 1097 557 1161 nondum
580 1095 785 1162 commissum
814 1117 895 1181 opus
926 1095 1092 1161 circumire
1116 1101 1301 1179 coeperunt,

256 1201 431 1267 missilibus
454 1220 581 1284 quoque
604 1220 669 1282 eos,
695 1199 747 1281 qui
772 1219 829 1284 pro
852 1220 947 1285 opere
971 1200 1108 1280 stabant,
1131 1199 1299 1264 incessere.

206 1319 239 1368 22
259 1305 368 1370 Multis
392 1325 470 1389 ergo
492 1305 622 1389 impune
644 1303 829 1390 vulneratis,
856 1323 929 1369 oum
953 1311 984 1370 et
1006 1323 1171 1370 removere
1195 1309 1226 1367 et
1249 1323 1302 1386 ap-

260 1409 379 1494 pellere
403 1409 539 1494 soaphas
562 1409 595 1472 in
618 1407 767 1492 expedito
790 1416 885 1490 esset,
909 1408 952 1474 ad
975 1428 1083 1474 euram
1099 1414 1201 1474 semet
1215 1407 1302 1492 ipsos

257 1512 372 1578 tuendi
405 1513 446 1578 ab
481 1533 577 1597 opere
611 1517 848 1577 converterant:
883 1519 916 1578 et
945 1532 1009 1596 quo
1039 1511 1166 1595 longius
1198 1511 1301 1577 moles

257 1617 414 1701 agebatur
447 1638 467 1682 a
500 1616 603 1698 litore,
641 1615 702 1680 hoe
743 1616 859 1700 magis,
897 1616 1050 1700 quioquid
1083 1615 1300 1698 ingerebatur,

208 1735 241 1784 23
261 1721 438 1806 praealtum
470 1721 663 1787 absorbebat
698 1743 795 1788 mare.
851 1721 955 1805 Igitur
991 1742 1049 1786 rex
1086 1719 1302 1786 munientibus

258 1841 349 1906 oorja
370 1825 506 1906 velaque
529 1825 621 1890 iussit
644 1826 781 1907 obtendi,
806 1833 840 1890 ut
863 1831 953 1890 extra
975 1825 1031 1890 teli
1049 1825 1169 1891 iaetum
1185 1830 1301 1904 essent,

258 1928 402 2010 duasque
424 1934 528 1992 turres
551 1949 592 1992 ex
615 1929 720 2014 eapite
743 1929 835 1994 molis
859 1929 968 2011 erexit,
993 1949 1011 1994 e
1034 1929 1151 2012 quibus
1173 1927 1205 1992 in
1228 1927 1298 1992 sub·

206 2048 239 2096 24
258 2041 369 2126 euntes
404 2033 543 2116 soaphas
573 2033 639 2098 tela
667 2034 771 2117 ingeri
801 2041 941 2119 possent.
989 2033 1106 2098 Contra
1128 2031 1218 2118 Tyrii
1248 2053 1300 2096 na·

258 2139 346 2222 vigia
376 2137 487 2222 prooul
516 2159 536 2201 a
566 2145 741 2222 conspeetu
770 2138 910 2204 hostium
939 2138 1025 2203 litori
1053 2138 1219 2222 appellunt
1249 2156 1302 2201 ex·

261 2241 437 2326 positisque
460 2240 614 2306 militibus
636 2261 700 2323 eos,
727 2243 780 2324 qui
804 2263 883 2308 saxa
901 2245 1080 2327 gestabant,
1103 2245 1299 2308 obtruncant.

260 2345 299 2410 In
321 2345 443 2410 Libano
467 2365 593 2428 quoque
617 2346 759 2411 Arabum
786 2354 929 2430 agrestes
951 2346 1179 2432 incompositos
1201 2345 1303 2411 Maee-

260 2449 360 2514 donas
384 2449 487 2515 adorti
508 2460 583 2513 XXX
601 2449 668 2514 fere
691 2450 894 2532 interficiunt,
918 2451 1122 2536 paucioribus
1146 2449 1256 2536 captis.

718 2644 782 2697 Gar.
803 2644 850 2696 Ill.

226 2776 239 2824 1
365 2761 413 2826 Ea
435 2781 487 2826 res
510 2761 726 2826 Alexandrum
751 2761 893 2828 dividere
915 2764 1024 2847 eopias
1048 2763 1161 2846 ooegit,
1194 2769 1234 2844 et,
1262 2782 1302 2826 ne

261 2866 402 2949 segniter
435 2865 577 2931 assidere
610 2867 665 2930 uni
695 2867 766 2933 urbi
795 2866 966 2948 videretur,
1001 2867 1090 2952 operi
1125 2866 1300 2932 Perdioean

261 2970 479 3053 Crateronque
510 2971 674 3054 praefecit,
712 2971 783 3055 ipse
814 2991 886 3035 eum
917 2970 1067 3056 expedita
1097 2991 1193 3035 manu
1223 2970 1301 3035 Ara·

262 3072 346 3138 biam
370 3074 471 3158 petiit.

226 3191 241 3240 2
365 3179 452 3242 Inter
476 3177 556 3270 haee
578 3179 668 3263 Tyrii
691 3200 807 3244 navem
829 3179 1049 3263 magnitudine
1073 3180 1188 3245 eximia
1210 3181 1299 3245 saxis
1314 3175 1354 3248 12

261 3281 445 3363 harenaque
483 3302 504 3346 a
540 3282 639 3367 puppi
678 3290 852 3364 oneratam,
889 3284 933 3349 ita
970 3291 1004 3349 ut
1042 3285 1174 3349 multum
1208 3304 1303 3370 prora

261 3385 422 3466 emineret,
458 3387 612 3452 bitumine
641 3408 679 3453 ao
709 3387 861 3473 sulphure
892 3389 1004 3454 illitam
1037 3389 1132 3454 remis
1166 3389 1301 3454 ooneita-

261 3496 387 3566 verunt,
417 3497 458 3570 et,
490 3511 562 3556 oum
593 3512 742 3575 magnam
771 3493 837 3557 vim
866 3494 950 3558 venti
980 3494 1053 3558 vela
1080 3513 1206 3577 quoque
1230 3513 1300 3558 oon-

227 3593 428 3678 saepissent,
453 3595 599 3660 celeriter
620 3594 663 3660 ad
685 3596 803 3661 molem
825 3598 994 3662 suecessit:
1023 3603 1091 3662 tum
1113 3618 1208 3682 prora
1231 3597 1299 3662 eius

262 3717 396 3764 aceensa
428 3699 567 3782 remiges
601 3699 759 3765 desiluere
796 3702 827 3766 in
862 3702 1008 3786 soaphas,
1046 3721 1128 3784 quae
1162 3701 1204 3766 ad
1237 3702 1298 3766 hoo

263 3803 365 3888 ipsum
404 3811 613 3888 praeparatae
652 3806 874 3886 sequebantur.
936 3805 1036 3870 Navis
1072 3813 1179 3870 autem
1223 3805 1298 3888 igne
