<?xml version="1.0" encoding="UTF-8"?>
<!DOCTYPE html PUBLIC "-//W3C//DTD XHTML 1.0 Transitional//EN"
    "http://www.w3.org/TR/xhtml1/DTD/xhtml1-transitional.dtd">
<html xmlns="http://www.w3.org/1999/xhtml" xml:lang="en" lang="en">
 <head>
  <title>
</title>
<meta http-equiv="Content-Type" content="text/html;charset=utf-8" />
  <meta name='ocr-system' content='tesseract 3.04.00' />
  <meta name='ocr-capabilities' content='ocr_page ocr_carea ocr_par ocr_line ocrx_word'/>
</head>
<body>
  <div class='ocr_page' id='page_1' title='image "./qcurtirufihisto00stangoog_0190.png"; bbox 0 0 2976 4322; ppageno 0'>
   <div class='ocr_carea' id='block_1_1' title="bbox 407 180 1230 248">
    <p class='ocr_par' dir='ltr' id='par_1_1' title="bbox 407 180 1230 248">
     <span class='ocr_line' id='line_1_1' title="bbox 407 180 1230 248; baseline 0 -12"><span class='ocrx_word' id='word_1_1' title='bbox 407 183 658 240; x_wconf 85' lang='lat' dir='ltr'><strong>HISTORIARUM</strong></span> <span class='ocrx_word' id='word_1_2' title='bbox 675 183 890 238; x_wconf 85' lang='lat' dir='ltr'>ALEXANDRI</span> <span class='ocrx_word' id='word_1_3' title='bbox 909 180 946 234; x_wconf 86' lang='lat' dir='ltr'>vl</span> <span class='ocrx_word' id='word_1_4' title='bbox 966 184 1006 233; x_wconf 86' lang='lat'>10.</span> <span class='ocrx_word' id='word_1_5' title='bbox 1170 185 1230 248; x_wconf 79' lang='lat'>157</span> 
     </span>
    </p>
   </div>
   <div class='ocr_carea' id='block_1_2' title="bbox 137 388 1284 3912">
    <p class='ocr_par' dir='ltr' id='par_1_2' title="bbox 191 388 1284 890">
     <span class='ocr_line' id='line_1_2' title="bbox 193 388 1229 472; baseline -0.004 -15"><span class='ocrx_word' id='word_1_6' title='bbox 193 391 292 457; x_wconf 91' lang='lat' dir='ltr'>testis.</span> <span class='ocrx_word' id='word_1_7' title='bbox 328 391 474 456; x_wconf 90' lang='lat' dir='ltr'>Retinete</span> <span class='ocrx_word' id='word_1_8' title='bbox 497 389 596 455; x_wconf 89' lang='lat' dir='ltr'>mein</span> <span class='ocrx_word' id='word_1_9' title='bbox 611 390 756 471; x_wconf 85' lang='lat' dir='ltr'>vinculis,</span> <span class='ocrx_word' id='word_1_10' title='bbox 783 388 858 454; x_wconf 91' lang='lat' dir='ltr'>dum</span> <span class='ocrx_word' id='word_1_11' title='bbox 874 389 1048 455; x_wconf 79' lang='lat' dir='ltr'>consulitur</span> <span class='ocrx_word' id='word_1_12' title='bbox 1062 390 1229 472; x_wconf 82' lang='lat' dir='ltr'><strong>Hammon,</strong></span> 
     </span>
     <span class='ocr_line' id='line_1_3' title="bbox 193 493 1231 577; baseline -0.004 -16"><span class='ocrx_word' id='word_1_13' title='bbox 193 517 267 561; x_wconf 92' lang='lat' dir='ltr'>num</span> <span class='ocrx_word' id='word_1_14' title='bbox 296 515 448 560; x_wconf 88' lang='lat' dir='ltr'>arcannm</span> <span class='ocrx_word' id='word_1_15' title='bbox 478 501 510 560; x_wconf 86' lang='lat' dir='ltr'>ct</span> <span class='ocrx_word' id='word_1_16' title='bbox 540 495 698 559; x_wconf 86' lang='lat' dir='ltr'>oecultum</span> <span class='ocrx_word' id='word_1_17' title='bbox 729 494 834 559; x_wconf 87' lang='lat' dir='ltr'>scelus</span> <span class='ocrx_word' id='word_1_18' title='bbox 865 493 1004 558; x_wconf 91' lang='lat' dir='ltr'>inierim:</span> <span class='ocrx_word' id='word_1_19' title='bbox 1039 493 1093 576; x_wconf 92' lang='lat' dir='ltr'>qui</span> <span class='ocrx_word' id='word_1_20' title='bbox 1122 514 1231 577; x_wconf 82' lang='lat' dir='ltr'>regern</span> 
     </span>
     <span class='ocr_line' id='line_1_4' title="bbox 192 597 1232 683; baseline -0.003 -18"><span class='ocrx_word' id='word_1_21' title='bbox 192 610 334 665; x_wconf 83' lang='lat' dir='ltr'>nostrum</span> <span class='ocrx_word' id='word_1_22' title='bbox 358 598 508 683; x_wconf 85' lang='lat' dir='ltr'>dignatus</span> <span class='ocrx_word' id='word_1_23' title='bbox 531 605 579 664; x_wconf 89' lang='lat' dir='ltr'>est</span> <span class='ocrx_word' id='word_1_24' title='bbox 601 597 709 678; x_wconf 88' lang='lat' dir='ltr'>filium,</span> <span class='ocrx_word' id='word_1_25' title='bbox 734 597 893 662; x_wconf 88' lang='lat' dir='ltr'>neminem</span> <span class='ocrx_word' id='word_1_26' title='bbox 917 616 1036 675; x_wconf 90' lang='lat' dir='ltr'>eorum,</span> <span class='ocrx_word' id='word_1_27' title='bbox 1066 597 1119 680; x_wconf 91' lang='lat' dir='ltr'>qui</span> <span class='ocrx_word' id='word_1_28' title='bbox 1142 597 1232 683; x_wconf 90' lang='lat' dir='ltr'>stirpi</span> 
     </span>
     <span class='ocr_line' id='line_1_5' title="bbox 192 695 1284 786; baseline -0.004 -16"><span class='ocrx_word' id='word_1_29' title='bbox 192 724 268 770; x_wconf 86' lang='lat' dir='ltr'>suae</span> <span class='ocrx_word' id='word_1_30' title='bbox 291 703 431 769; x_wconf 88' lang='lat' dir='ltr'>insidiati</span> <span class='ocrx_word' id='word_1_31' title='bbox 454 695 538 783; x_wconf 87' lang='lat' dir='ltr'>sunt,</span> <span class='ocrx_word' id='word_1_32' title='bbox 561 703 661 768; x_wconf 91' lang='lat' dir='ltr'>latcrc</span> <span class='ocrx_word' id='word_1_33' title='bbox 684 701 834 786; x_wconf 88' lang='lat' dir='ltr'>patietur.</span> <span class='ocrx_word' id='word_1_34' title='bbox 882 699 916 766; x_wconf 83' lang='lat' dir='ltr'>Si</span> <span class='ocrx_word' id='word_1_35' title='bbox 939 701 1074 766; x_wconf 90' lang='lat' dir='ltr'>certiora</span> <span class='ocrx_word' id='word_1_36' title='bbox 1096 701 1233 766; x_wconf 92' lang='lat' dir='ltr'>oraculis</span> <span class='ocrx_word' id='word_1_37' title='bbox 1251 716 1284 766; x_wconf 85' lang='lat'>29</span> 
     </span>
     <span class='ocr_line' id='line_1_6' title="bbox 191 804 1232 890; baseline -0.002 -18"><span class='ocrx_word' id='word_1_38' title='bbox 191 808 320 874; x_wconf 87' lang='lat' dir='ltr'>creditis</span> <span class='ocrx_word' id='word_1_39' title='bbox 359 827 429 872; x_wconf 90' lang='lat' dir='ltr'>esse</span> <span class='ocrx_word' id='word_1_40' title='bbox 466 813 632 890; x_wconf 87' lang='lat' dir='ltr'>tormenta,</span> <span class='ocrx_word' id='word_1_41' title='bbox 669 825 710 870; x_wconf 93' lang='lat' dir='ltr'>ne</span> <span class='ocrx_word' id='word_1_42' title='bbox 743 805 827 870; x_wconf 88' lang='lat' dir='ltr'>hanc</span> <span class='ocrx_word' id='word_1_43' title='bbox 865 804 994 888; x_wconf 86' lang='lat' dir='ltr'>quidem</span> <span class='ocrx_word' id='word_1_44' title='bbox 1028 805 1232 870; x_wconf 79' lang='lat' dir='ltr'>exhibendae</span> 
     </span>
    </p>

    <p class='ocr_par' dir='ltr' id='par_1_3' title="bbox 137 909 1284 3912">
     <span class='ocr_line' id='line_1_7' title="bbox 137 909 1284 995; baseline -0.003 -17"><span class='ocrx_word' id='word_1_45' title='bbox 137 914 182 986; x_wconf 85' lang='lat'>40</span> <span class='ocrx_word' id='word_1_46' title='bbox 194 911 337 978; x_wconf 87' lang='lat' dir='ltr'>veritatis</span> <span class='ocrx_word' id='word_1_47' title='bbox 371 910 467 976; x_wconf 87' lang='lat' dir='ltr'>fidem</span> <span class='ocrx_word' id='word_1_48' title='bbox 500 910 663 995; x_wconf 90' lang='lat' dir='ltr'>deprecor.</span> <span class='ocrx_word' id='word_1_49' title='bbox 710 909 819 974; x_wconf 82' lang='lat' dir='ltr'>Solent</span> <span class='ocrx_word' id='word_1_50' title='bbox 853 909 898 974; x_wconf 89' lang='lat' dir='ltr'>rei</span> <span class='ocrx_word' id='word_1_51' title='bbox 932 909 1046 995; x_wconf 88' lang='lat' dir='ltr'>capitis</span> <span class='ocrx_word' id='word_1_52' title='bbox 1079 909 1231 974; x_wconf 90' lang='lat' dir='ltr'>adhibere</span> <span class='ocrx_word' id='word_1_53' title='bbox 1250 924 1284 974; x_wconf 86' lang='lat'>30</span> 
     </span>
     <span class='ocr_line' id='line_1_8' title="bbox 191 1013 1231 1101; baseline -0.004 -19"><span class='ocrx_word' id='word_1_54' title='bbox 191 1017 282 1083; x_wconf 90' lang='lat' dir='ltr'>vobis</span> <span class='ocrx_word' id='word_1_55' title='bbox 305 1023 463 1101; x_wconf 88' lang='lat' dir='ltr'>parentes.</span> <span class='ocrx_word' id='word_1_56' title='bbox 510 1015 598 1080; x_wconf 91' lang='lat' dir='ltr'>Duos</span> <span class='ocrx_word' id='word_1_57' title='bbox 622 1013 736 1080; x_wconf 83' lang='lat' dir='ltr'>fratres</span> <span class='ocrx_word' id='word_1_58' title='bbox 760 1034 820 1097; x_wconf 87' lang='lat' dir='ltr'>ego</span> <span class='ocrx_word' id='word_1_59' title='bbox 843 1033 946 1098; x_wconf 89' lang='lat' dir='ltr'>nuper</span> <span class='ocrx_word' id='word_1_60' title='bbox 975 1014 1076 1094; x_wconf 88' lang='lat' dir='ltr'>amisi,</span> <span class='ocrx_word' id='word_1_61' title='bbox 1107 1021 1231 1099; x_wconf 88' lang='lat' dir='ltr'>patrem</span> 
     </span>
     <span class='ocr_line' id='line_1_9' title="bbox 192 1117 1230 1204; baseline -0.003 -18"><span class='ocrx_word' id='word_1_62' title='bbox 192 1141 251 1186; x_wconf 90' lang='lat' dir='ltr'>nec</span> <span class='ocrx_word' id='word_1_63' title='bbox 273 1119 442 1186; x_wconf 84' lang='lat' dir='ltr'>ostendere</span> <span class='ocrx_word' id='word_1_64' title='bbox 464 1138 593 1204; x_wconf 90' lang='lat' dir='ltr'>possum</span> <span class='ocrx_word' id='word_1_65' title='bbox 616 1138 676 1182; x_wconf 89' lang='lat' dir='ltr'>nec</span> <span class='ocrx_word' id='word_1_66' title='bbox 700 1118 849 1182; x_wconf 90' lang='lat' dir='ltr'>invocare</span> <span class='ocrx_word' id='word_1_67' title='bbox 872 1117 984 1198; x_wconf 87' lang='lat' dir='ltr'>audeo,</span> <span class='ocrx_word' id='word_1_68' title='bbox 1013 1139 1084 1182; x_wconf 91' lang='lat' dir='ltr'>cum</span> <span class='ocrx_word' id='word_1_69' title='bbox 1107 1119 1230 1202; x_wconf 88' lang='lat' dir='ltr'>etipse</span> 
     </span>
     <span class='ocr_line' id='line_1_10' title="bbox 191 1222 1278 1290; baseline -0.004 0"><span class='ocrx_word' id='word_1_70' title='bbox 191 1225 271 1290; x_wconf 88' lang='lat' dir='ltr'>tanti</span> <span class='ocrx_word' id='word_1_71' title='bbox 320 1223 459 1288; x_wconf 86' lang='lat' dir='ltr'>criminis</span> <span class='ocrx_word' id='word_1_72' title='bbox 496 1243 570 1288; x_wconf 92' lang='lat' dir='ltr'>reus</span> <span class='ocrx_word' id='word_1_73' title='bbox 607 1222 659 1286; x_wconf 90' lang='lat' dir='ltr'>sit.</span> <span class='ocrx_word' id='word_1_74' title='bbox 715 1222 831 1286; x_wconf 88' lang='lat' dir='ltr'>Parum</span> <span class='ocrx_word' id='word_1_75' title='bbox 865 1227 915 1286; x_wconf 91' lang='lat' dir='ltr'>est</span> <span class='ocrx_word' id='word_1_76' title='bbox 948 1222 1032 1286; x_wconf 91' lang='lat' dir='ltr'>enim</span> <span class='ocrx_word' id='word_1_77' title='bbox 1053 1228 1101 1286; x_wconf 91' lang='lat' dir='ltr'>tot</span> <span class='ocrx_word' id='word_1_78' title='bbox 1134 1222 1229 1287; x_wconf 93' lang='lat' dir='ltr'>modo</span> <span class='ocrx_word' id='word_1_79' title='bbox 1249 1235 1278 1286; x_wconf 87' lang='lat'>31</span> 
     </span>
     <span class='ocr_line' id='line_1_11' title="bbox 191 1325 1229 1412; baseline -0.003 -18"><span class='ocrx_word' id='word_1_80' title='bbox 191 1330 324 1394; x_wconf 90' lang='lat' dir='ltr'>liberum</span> <span class='ocrx_word' id='word_1_81' title='bbox 347 1335 523 1412; x_wconf 86' lang='lat' dir='ltr'>parentem,</span> <span class='ocrx_word' id='word_1_82' title='bbox 549 1327 582 1389; x_wconf 95' lang='lat' dir='ltr'>in</span> <span class='ocrx_word' id='word_1_83' title='bbox 604 1326 698 1390; x_wconf 90' lang='lat' dir='ltr'>unico</span> <span class='ocrx_word' id='word_1_84' title='bbox 721 1325 786 1389; x_wconf 89' lang='lat' dir='ltr'>filio</span> <span class='ocrx_word' id='word_1_85' title='bbox 809 1325 1075 1407; x_wconf 87' lang='lat' dir='ltr'>acquiescentem,</span> <span class='ocrx_word' id='word_1_86' title='bbox 1095 1346 1132 1391; x_wconf 89' lang='lat' dir='ltr'>eo</span> <span class='ocrx_word' id='word_1_87' title='bbox 1155 1347 1229 1409; x_wconf 93' lang='lat' dir='ltr'>quo-</span> 
     </span>
     <span class='ocr_line' id='line_1_12' title="bbox 192 1429 1281 1516; baseline -0.006 -17"><span class='ocrx_word' id='word_1_88' title='bbox 192 1454 254 1516; x_wconf 91' lang='lat' dir='ltr'>que</span> <span class='ocrx_word' id='word_1_89' title='bbox 277 1432 390 1513; x_wconf 90' lang='lat' dir='ltr'>orbari,</span> <span class='ocrx_word' id='word_1_90' title='bbox 423 1429 484 1496; x_wconf 92' lang='lat' dir='ltr'>nisi</span> <span class='ocrx_word' id='word_1_91' title='bbox 507 1431 576 1515; x_wconf 89' lang='lat' dir='ltr'>ipse</span> <span class='ocrx_word' id='word_1_92' title='bbox 599 1430 631 1494; x_wconf 94' lang='lat' dir='ltr'>in</span> <span class='ocrx_word' id='word_1_93' title='bbox 653 1449 767 1512; x_wconf 84' lang='lat' dir='ltr'>rogum</span> <span class='ocrx_word' id='word_1_94' title='bbox 789 1449 894 1494; x_wconf 89' lang='lat' dir='ltr'>mcum</span> <span class='ocrx_word' id='word_1_95' title='bbox 916 1429 1101 1513; x_wconf 88' lang='lat' dir='ltr'>imponitur!</span> <span class='ocrx_word' id='word_1_96' title='bbox 1133 1431 1227 1514; x_wconf 81' lang='lat' dir='ltr'>Ergo,</span> <span class='ocrx_word' id='word_1_97' title='bbox 1247 1442 1281 1494; x_wconf 82' lang='lat'>32</span> 
     </span>
     <span class='ocr_line' id='line_1_13' title="bbox 193 1533 1229 1620; baseline -0.002 -18"><span class='ocrx_word' id='word_1_98' title='bbox 193 1537 354 1603; x_wconf 85' lang='lat' dir='ltr'>carissime</span> <span class='ocrx_word' id='word_1_99' title='bbox 378 1542 480 1620; x_wconf 87' lang='lat' dir='ltr'>pater,</span> <span class='ocrx_word' id='word_1_100' title='bbox 505 1541 536 1599; x_wconf 89' lang='lat' dir='ltr'>et</span> <span class='ocrx_word' id='word_1_101' title='bbox 559 1542 689 1619; x_wconf 86' lang='lat' dir='ltr'>propter</span> <span class='ocrx_word' id='word_1_102' title='bbox 711 1554 762 1598; x_wconf 89' lang='lat' dir='ltr'>me</span> <span class='ocrx_word' id='word_1_103' title='bbox 785 1533 927 1599; x_wconf 90' lang='lat' dir='ltr'>morieris</span> <span class='ocrx_word' id='word_1_104' title='bbox 943 1540 975 1597; x_wconf 87' lang='lat' dir='ltr'>ct</span> <span class='ocrx_word' id='word_1_105' title='bbox 990 1555 1124 1600; x_wconf 89' lang='lat' dir='ltr'>mecum.</span> <span class='ocrx_word' id='word_1_106' title='bbox 1158 1536 1229 1619; x_wconf 86' lang='lat' dir='ltr'>Ego</span> 
     </span>
     <span class='ocr_line' id='line_1_14' title="bbox 188 1638 1229 1722; baseline -0.003 -15"><span class='ocrx_word' id='word_1_107' title='bbox 188 1642 247 1707; x_wconf 91' lang='lat' dir='ltr'>tibi</span> <span class='ocrx_word' id='word_1_108' title='bbox 270 1641 369 1706; x_wconf 92' lang='lat' dir='ltr'>vitam</span> <span class='ocrx_word' id='word_1_109' title='bbox 391 1639 506 1720; x_wconf 86' lang='lat' dir='ltr'>adimo,</span> <span class='ocrx_word' id='word_1_110' title='bbox 532 1659 594 1722; x_wconf 87' lang='lat' dir='ltr'>ego</span> <span class='ocrx_word' id='word_1_111' title='bbox 618 1645 817 1704; x_wconf 85' lang='lat' dir='ltr'>senectutem</span> <span class='ocrx_word' id='word_1_112' title='bbox 832 1643 920 1702; x_wconf 87' lang='lat' dir='ltr'>tuam</span> <span class='ocrx_word' id='word_1_113' title='bbox 936 1638 1103 1720; x_wconf 81' lang='lat' dir='ltr'>extinguo!</span> <span class='ocrx_word' id='word_1_114' title='bbox 1146 1639 1229 1716; x_wconf 79' lang='lat' dir='ltr'>Quid</span> 
     </span>
     <span class='ocr_line' id='line_1_15' title="bbox 189 1741 1230 1828; baseline -0.002 -18"><span class='ocrx_word' id='word_1_115' title='bbox 189 1746 274 1811; x_wconf 89' lang='lat' dir='ltr'>enim</span> <span class='ocrx_word' id='word_1_116' title='bbox 297 1765 348 1809; x_wconf 89' lang='lat' dir='ltr'>me</span> <span class='ocrx_word' id='word_1_117' title='bbox 370 1743 565 1828; x_wconf 90' lang='lat' dir='ltr'>procreabas</span> <span class='ocrx_word' id='word_1_118' title='bbox 587 1741 750 1808; x_wconf 89' lang='lat' dir='ltr'>infelicem</span> <span class='ocrx_word' id='word_1_119' title='bbox 769 1741 1014 1807; x_wconf 88' lang='lat' dir='ltr'>adversantibus</span> <span class='ocrx_word' id='word_1_120' title='bbox 1030 1742 1104 1808; x_wconf 82' lang='lat' dir='ltr'>dis?</span> <span class='ocrx_word' id='word_1_121' title='bbox 1128 1764 1178 1824; x_wconf 91' lang='lat' dir='ltr'>an,</span> <span class='ocrx_word' id='word_1_122' title='bbox 1195 1750 1230 1808; x_wconf 93' lang='lat' dir='ltr'>ut</span> 
     </span>
     <span class='ocr_line' id='line_1_16' title="bbox 189 1845 1281 1934; baseline 0.001 -21"><span class='ocrx_word' id='word_1_123' title='bbox 189 1850 248 1916; x_wconf 91' lang='lat' dir='ltr'>hos</span> <span class='ocrx_word' id='word_1_124' title='bbox 271 1870 311 1915; x_wconf 81' lang='lat' dir='ltr'>ex</span> <span class='ocrx_word' id='word_1_125' title='bbox 334 1868 385 1912; x_wconf 91' lang='lat' dir='ltr'>me</span> <span class='ocrx_word' id='word_1_126' title='bbox 408 1849 528 1914; x_wconf 86' lang='lat' dir='ltr'>fructus</span> <span class='ocrx_word' id='word_1_127' title='bbox 550 1848 741 1934; x_wconf 86' lang='lat' dir='ltr'>perciperes,</span> <span class='ocrx_word' id='word_1_128' title='bbox 770 1846 878 1928; x_wconf 90' lang='lat' dir='ltr'>quite</span> <span class='ocrx_word' id='word_1_129' title='bbox 901 1845 1055 1911; x_wconf 85' lang='lat' dir='ltr'>manent?</span> <span class='ocrx_word' id='word_1_130' title='bbox 1100 1847 1227 1930; x_wconf 88' lang='lat' dir='ltr'>Nescio,</span> <span class='ocrx_word' id='word_1_131' title='bbox 1248 1875 1281 1925; x_wconf 86' lang='lat'>33</span> 
     </span>
     <span class='ocr_line' id='line_1_17' title="bbox 187 1951 1229 2036; baseline -0.002 -18"><span class='ocrx_word' id='word_1_132' title='bbox 187 1952 408 2018; x_wconf 85' lang='lat' dir='ltr'>adulescentia</span> <span class='ocrx_word' id='word_1_133' title='bbox 430 1973 502 2018; x_wconf 88' lang='lat' dir='ltr'>mea</span> <span class='ocrx_word' id='word_1_134' title='bbox 524 1951 668 2016; x_wconf 88' lang='lat' dir='ltr'>miserior</span> <span class='ocrx_word' id='word_1_135' title='bbox 697 1951 737 2017; x_wconf 89' lang='lat' dir='ltr'>sit</span> <span class='ocrx_word' id='word_1_136' title='bbox 767 1971 809 2014; x_wconf 89' lang='lat' dir='ltr'>an</span> <span class='ocrx_word' id='word_1_137' title='bbox 839 1958 986 2016; x_wconf 86' lang='lat' dir='ltr'>senectus</span> <span class='ocrx_word' id='word_1_138' title='bbox 1008 1957 1079 2016; x_wconf 90' lang='lat' dir='ltr'>tua:</span> <span class='ocrx_word' id='word_1_139' title='bbox 1111 1973 1173 2036; x_wconf 82' lang='lat' dir='ltr'>ego</span> <span class='ocrx_word' id='word_1_140' title='bbox 1196 1953 1229 2016; x_wconf 93' lang='lat' dir='ltr'>in</span> 
     </span>
     <span class='ocr_line' id='line_1_18' title="bbox 186 2055 1227 2143; baseline 0 -23"><span class='ocrx_word' id='word_1_141' title='bbox 186 2058 258 2143; x_wconf 92' lang='lat' dir='ltr'>ipso</span> <span class='ocrx_word' id='word_1_142' title='bbox 281 2058 395 2122; x_wconf 85' lang='lat' dir='ltr'>robore</span> <span class='ocrx_word' id='word_1_143' title='bbox 417 2057 531 2122; x_wconf 89' lang='lat' dir='ltr'>aetatis</span> <span class='ocrx_word' id='word_1_144' title='bbox 554 2055 686 2140; x_wconf 87' lang='lat' dir='ltr'>eripior:</span> <span class='ocrx_word' id='word_1_145' title='bbox 710 2055 926 2126; x_wconf 85' lang='lat' dir='ltr'>tibicarnifex</span> <span class='ocrx_word' id='word_1_146' title='bbox 941 2055 1084 2140; x_wconf 90' lang='lat' dir='ltr'>spiritum</span> <span class='ocrx_word' id='word_1_147' title='bbox 1100 2055 1227 2138; x_wconf 86' lang='lat' dir='ltr'>adimet,</span> 
     </span>
     <span class='ocr_line' id='line_1_19' title="bbox 187 2158 1227 2244; baseline 0.001 -19"><span class='ocrx_word' id='word_1_148' title='bbox 187 2181 291 2244; x_wconf 91' lang='lat' dir='ltr'>quem,</span> <span class='ocrx_word' id='word_1_149' title='bbox 323 2161 350 2226; x_wconf 92' lang='lat' dir='ltr'>si</span> <span class='ocrx_word' id='word_1_150' title='bbox 373 2161 501 2225; x_wconf 84' lang='lat' dir='ltr'>fortuna</span> <span class='ocrx_word' id='word_1_151' title='bbox 532 2165 703 2244; x_wconf 82' lang='lat' dir='ltr'>expectare</span> <span class='ocrx_word' id='word_1_152' title='bbox 732 2158 896 2239; x_wconf 81' lang='lat' dir='ltr'>voluisset,</span> <span class='ocrx_word' id='word_1_153' title='bbox 928 2167 1041 2224; x_wconf 89' lang='lat' dir='ltr'>natura</span> <span class='ocrx_word' id='word_1_154' title='bbox 1064 2160 1227 2244; x_wconf 87' lang='lat' dir='ltr'>poscebat.</span> 
     </span>
     <span class='ocr_line' id='line_1_20' title="bbox 187 2262 1280 2348; baseline 0 -19"><span class='ocrx_word' id='word_1_155' title='bbox 187 2264 361 2330; x_wconf 87' lang='lat' dir='ltr'>Admonuit</span> <span class='ocrx_word' id='word_1_156' title='bbox 383 2285 435 2328; x_wconf 90' lang='lat' dir='ltr'>me</span> <span class='ocrx_word' id='word_1_157' title='bbox 457 2263 557 2348; x_wconf 90' lang='lat' dir='ltr'>patris</span> <span class='ocrx_word' id='word_1_158' title='bbox 580 2263 642 2328; x_wconf 91' lang='lat' dir='ltr'>mei</span> <span class='ocrx_word' id='word_1_159' title='bbox 664 2263 791 2344; x_wconf 89' lang='lat' dir='ltr'>mentio,</span> <span class='ocrx_word' id='word_1_160' title='bbox 823 2283 917 2344; x_wconf 91' lang='lat' dir='ltr'>quarn</span> <span class='ocrx_word' id='word_1_161' title='bbox 946 2262 1057 2328; x_wconf 90' lang='lat' dir='ltr'>timide</span> <span class='ocrx_word' id='word_1_162' title='bbox 1081 2271 1114 2329; x_wconf 90' lang='lat' dir='ltr'>et</span> <span class='ocrx_word' id='word_1_163' title='bbox 1136 2285 1228 2330; x_wconf 85' lang='lat' dir='ltr'>cunc·</span> <span class='ocrx_word' id='word_1_164' title='bbox 1246 2291 1280 2342; x_wconf 82' lang='lat'>34</span> 
     </span>
     <span class='ocr_line' id='line_1_21' title="bbox 187 2365 1228 2452; baseline 0.001 -19"><span class='ocrx_word' id='word_1_165' title='bbox 187 2375 300 2450; x_wconf 89' lang='lat' dir='ltr'>tanter,</span> <span class='ocrx_word' id='word_1_166' title='bbox 336 2388 418 2450; x_wconf 89' lang='lat' dir='ltr'>quae</span> <span class='ocrx_word' id='word_1_167' title='bbox 450 2367 621 2433; x_wconf 84' lang='lat' dir='ltr'>Cebalinus</span> <span class='ocrx_word' id='word_1_168' title='bbox 652 2365 819 2432; x_wconf 82' lang='lat' dir='ltr'>detulerat</span> <span class='ocrx_word' id='word_1_169' title='bbox 839 2365 890 2452; x_wconf 91' lang='lat' dir='ltr'>ad</span> <span class='ocrx_word' id='word_1_170' title='bbox 911 2388 972 2448; x_wconf 90' lang='lat' dir='ltr'>mc,</span> <span class='ocrx_word' id='word_1_171' title='bbox 1003 2366 1145 2433; x_wconf 86' lang='lat' dir='ltr'>indicare</span> <span class='ocrx_word' id='word_1_172' title='bbox 1176 2369 1228 2434; x_wconf 90' lang='lat' dir='ltr'>de·</span> 
     </span>
     <span class='ocr_line' id='line_1_22' title="bbox 188 2470 1227 2551; baseline 0.002 -15"><span class='ocrx_word' id='word_1_173' title='bbox 188 2472 318 2537; x_wconf 87' lang='lat' dir='ltr'>buerim.</span> <span class='ocrx_word' id='word_1_174' title='bbox 376 2472 543 2542; x_wconf 86' lang='lat' dir='ltr'>Parmenio</span> <span class='ocrx_word' id='word_1_175' title='bbox 582 2471 675 2551; x_wconf 89' lang='lat' dir='ltr'>enim,</span> <span class='ocrx_word' id='word_1_176' title='bbox 714 2492 785 2536; x_wconf 90' lang='lat' dir='ltr'>oum</span> <span class='ocrx_word' id='word_1_177' title='bbox 834 2470 976 2536; x_wconf 81' lang='lat' dir='ltr'>audisset</span> <span class='ocrx_word' id='word_1_178' title='bbox 1013 2492 1170 2538; x_wconf 89' lang='lat' dir='ltr'>venenum</span> <span class='ocrx_word' id='word_1_179' title='bbox 1207 2494 1227 2538; x_wconf 90' lang='lat' dir='ltr'>a</span> 
     </span>
     <span class='ocr_line' id='line_1_23' title="bbox 186 2574 1227 2662; baseline 0.002 -22"><span class='ocrx_word' id='word_1_180' title='bbox 186 2576 336 2661; x_wconf 90' lang='lat' dir='ltr'>Philippo</span> <span class='ocrx_word' id='word_1_181' title='bbox 359 2576 483 2640; x_wconf 85' lang='lat' dir='ltr'>medico</span> <span class='ocrx_word' id='word_1_182' title='bbox 506 2575 575 2658; x_wconf 81' lang='lat' dir='ltr'>regi</span> <span class='ocrx_word' id='word_1_183' title='bbox 598 2575 713 2659; x_wconf 90' lang='lat' dir='ltr'>parari,</span> <span class='ocrx_word' id='word_1_184' title='bbox 746 2574 907 2640; x_wconf 87' lang='lat' dir='ltr'>deterrere</span> <span class='ocrx_word' id='word_1_185' title='bbox 938 2595 1011 2640; x_wconf 92' lang='lat' dir='ltr'>eum</span> <span class='ocrx_word' id='word_1_186' title='bbox 1040 2575 1140 2640; x_wconf 88' lang='lat' dir='ltr'>voluit</span> <span class='ocrx_word' id='word_1_187' title='bbox 1163 2577 1227 2662; x_wconf 88' lang='lat' dir='ltr'>cpi·</span> 
     </span>
     <span class='ocr_line' id='line_1_24' title="bbox 187 2679 1227 2766; baseline 0.001 -21"><span class='ocrx_word' id='word_1_188' title='bbox 187 2681 269 2746; x_wconf 89' lang='lat' dir='ltr'>stola</span> <span class='ocrx_word' id='word_1_189' title='bbox 299 2680 428 2766; x_wconf 90' lang='lat' dir='ltr'>scripta,</span> <span class='ocrx_word' id='word_1_190' title='bbox 460 2681 628 2762; x_wconf 90' lang='lat' dir='ltr'>quominus</span> <span class='ocrx_word' id='word_1_191' title='bbox 665 2679 933 2745; x_wconf 81' lang='lat' dir='ltr'>medicamentum</span> <span class='ocrx_word' id='word_1_192' title='bbox 970 2679 1102 2760; x_wconf 90' lang='lat' dir='ltr'>biberet,</span> <span class='ocrx_word' id='word_1_193' title='bbox 1142 2679 1227 2763; x_wconf 90' lang='lat' dir='ltr'>quod</span> 
     </span>
     <span class='ocr_line' id='line_1_25' title="bbox 186 2783 1225 2869; baseline 0.001 -21"><span class='ocrx_word' id='word_1_194' title='bbox 186 2784 329 2860; x_wconf 86' lang='lat' dir='ltr'>medicus</span> <span class='ocrx_word' id='word_1_195' title='bbox 368 2783 444 2848; x_wconf 87' lang='lat' dir='ltr'>dare</span> <span class='ocrx_word' id='word_1_196' title='bbox 482 2783 697 2864; x_wconf 83' lang='lat' dir='ltr'>constituerat.</span> <span class='ocrx_word' id='word_1_197' title='bbox 744 2785 829 2848; x_wconf 90' lang='lat' dir='ltr'>Num</span> <span class='ocrx_word' id='word_1_198' title='bbox 867 2783 1021 2848; x_wconf 88' lang='lat' dir='ltr'>creditum</span> <span class='ocrx_word' id='word_1_199' title='bbox 1058 2791 1107 2850; x_wconf 87' lang='lat' dir='ltr'>est</span> <span class='ocrx_word' id='word_1_200' title='bbox 1143 2786 1225 2869; x_wconf 88' lang='lat' dir='ltr'>patri</span> 
     </span>
     <span class='ocr_line' id='line_1_26' title="bbox 186 2888 1225 2974; baseline 0 -22"><span class='ocrx_word' id='word_1_201' title='bbox 186 2889 282 2954; x_wconf 79' lang='lat' dir='ltr'>meo?</span> <span class='ocrx_word' id='word_1_202' title='bbox 316 2909 392 2952; x_wconf 92' lang='lat' dir='ltr'>num</span> <span class='ocrx_word' id='word_1_203' title='bbox 414 2888 514 2952; x_wconf 90' lang='lat' dir='ltr'>ullam</span> <span class='ocrx_word' id='word_1_204' title='bbox 536 2888 759 2974; x_wconf 90' lang='lat' dir='ltr'>auctoritatem</span> <span class='ocrx_word' id='word_1_205' title='bbox 782 2889 850 2953; x_wconf 90' lang='lat' dir='ltr'>cius</span> <span class='ocrx_word' id='word_1_206' title='bbox 873 2889 998 2953; x_wconf 87' lang='lat' dir='ltr'>litterae</span> <span class='ocrx_word' id='word_1_207' title='bbox 1022 2888 1225 2953; x_wconf 83' lang='lat' dir='ltr'>babuerunt?</span> 
     </span>
     <span class='ocr_line' id='line_1_27' title="bbox 186 2992 1277 3078; baseline 0.003 -23"><span class='ocrx_word' id='word_1_208' title='bbox 186 2992 256 3076; x_wconf 84' lang='lat' dir='ltr'>Ego</span> <span class='ocrx_word' id='word_1_209' title='bbox 279 2993 358 3078; x_wconf 88' lang='lat' dir='ltr'>ipse,</span> <span class='ocrx_word' id='word_1_210' title='bbox 382 2993 538 3076; x_wconf 87' lang='lat' dir='ltr'>quotiens,</span> <span class='ocrx_word' id='word_1_211' title='bbox 570 3012 651 3075; x_wconf 90' lang='lat' dir='ltr'>quae</span> <span class='ocrx_word' id='word_1_212' title='bbox 674 2993 846 3074; x_wconf 88' lang='lat' dir='ltr'>audieram,</span> <span class='ocrx_word' id='word_1_213' title='bbox 871 2993 971 3058; x_wconf 90' lang='lat' dir='ltr'>detuli</span> <span class='ocrx_word' id='word_1_214' title='bbox 995 3001 1026 3057; x_wconf 90' lang='lat' dir='ltr'>et</span> <span class='ocrx_word' id='word_1_215' title='bbox 1050 3013 1121 3058; x_wconf 90' lang='lat' dir='ltr'>cum</span> <span class='ocrx_word' id='word_1_216' title='bbox 1144 2993 1224 3058; x_wconf 90' lang='lat' dir='ltr'>ludi·</span> <span class='ocrx_word' id='word_1_217' title='bbox 1244 3017 1277 3068; x_wconf 81' lang='lat'>35</span> 
     </span>
     <span class='ocr_line' id='line_1_28' title="bbox 186 3095 1223 3181; baseline 0.003 -21"><span class='ocrx_word' id='word_1_218' title='bbox 186 3096 253 3161; x_wconf 90' lang='lat' dir='ltr'>bric</span> <span class='ocrx_word' id='word_1_219' title='bbox 278 3096 475 3161; x_wconf 81' lang='lat' dir='ltr'>credulitatis</span> <span class='ocrx_word' id='word_1_220' title='bbox 499 3097 645 3181; x_wconf 90' lang='lat' dir='ltr'>repulsus</span> <span class='ocrx_word' id='word_1_221' title='bbox 668 3098 752 3161; x_wconf 82' lang='lat' dir='ltr'>sum!</span> <span class='ocrx_word' id='word_1_222' title='bbox 802 3095 836 3180; x_wconf 67' lang='lat' dir='ltr'>Si</span> <span class='ocrx_word' id='word_1_223' title='bbox 863 3103 902 3178; x_wconf 90' lang='lat' dir='ltr'>et,</span> <span class='ocrx_word' id='word_1_224' title='bbox 935 3117 1006 3162; x_wconf 91' lang='lat' dir='ltr'>cum</span> <span class='ocrx_word' id='word_1_225' title='bbox 1036 3097 1223 3180; x_wconf 89' lang='lat' dir='ltr'>indicamus,</span> 
     </span>
     <span class='ocr_line' id='line_1_29' title="bbox 185 3201 1224 3286; baseline 0.003 -21"><span class='ocrx_word' id='word_1_226' title='bbox 185 3201 280 3266; x_wconf 85' lang='lat' dir='ltr'>invisi</span> <span class='ocrx_word' id='word_1_227' title='bbox 302 3209 343 3282; x_wconf 89' lang='lat' dir='ltr'>et,</span> <span class='ocrx_word' id='word_1_228' title='bbox 369 3221 440 3266; x_wconf 91' lang='lat' dir='ltr'>cum</span> <span class='ocrx_word' id='word_1_229' title='bbox 462 3208 614 3282; x_wconf 85' lang='lat' dir='ltr'>tacemus,</span> <span class='ocrx_word' id='word_1_230' title='bbox 640 3202 780 3286; x_wconf 87' lang='lat' dir='ltr'>suspecti</span> <span class='ocrx_word' id='word_1_231' title='bbox 803 3222 919 3284; x_wconf 89' lang='lat' dir='ltr'>sumus,</span> <span class='ocrx_word' id='word_1_232' title='bbox 944 3201 1020 3285; x_wconf 89' lang='lat' dir='ltr'>quid</span> <span class='ocrx_word' id='word_1_233' title='bbox 1043 3202 1150 3268; x_wconf 86' lang='lat' dir='ltr'>facere</span> <span class='ocrx_word' id='word_1_234' title='bbox 1165 3222 1224 3268; x_wconf 93' lang='lat' dir='ltr'>nos</span> 
     </span>
     <span class='ocr_line' id='line_1_30' title="bbox 186 3304 1276 3390; baseline 0.001 -20"><span class='ocrx_word' id='word_1_235' title='bbox 186 3304 352 3390; x_wconf 83' lang='lat' dir='ltr'>oportet?’</span> <span class='ocrx_word' id='word_1_236' title='bbox 400 3305 541 3388; x_wconf 84' lang='lat' dir='ltr'>Cumque</span> <span class='ocrx_word' id='word_1_237' title='bbox 575 3325 656 3370; x_wconf 91' lang='lat' dir='ltr'>unus</span> <span class='ocrx_word' id='word_1_238' title='bbox 692 3327 709 3371; x_wconf 89' lang='lat' dir='ltr'>e</span> <span class='ocrx_word' id='word_1_239' title='bbox 744 3306 1013 3372; x_wconf 85' lang='lat' dir='ltr'>circumstantium</span> <span class='ocrx_word' id='word_1_240' title='bbox 1046 3308 1139 3372; x_wconf 88' lang='lat' dir='ltr'>turba</span> <span class='ocrx_word' id='word_1_241' title='bbox 1173 3328 1225 3372; x_wconf 83' lang='lat' dir='ltr'>ex·</span> <span class='ocrx_word' id='word_1_242' title='bbox 1244 3329 1276 3379; x_wconf 84' lang='lat'>36</span> 
     </span>
     <span class='ocr_line' id='line_1_31' title="bbox 186 3409 1276 3496; baseline 0.001 -21"><span class='ocrx_word' id='word_1_243' title='bbox 186 3411 365 3490; x_wconf 87' lang='lat' dir='ltr'>clamasset,</span> <span class='ocrx_word' id='word_1_244' title='bbox 380 3411 481 3475; x_wconf 83' lang='lat' dir='ltr'>‘Bene</span> <span class='ocrx_word' id='word_1_245' title='bbox 496 3411 616 3475; x_wconf 90' lang='lat' dir='ltr'>meritis</span> <span class='ocrx_word' id='word_1_246' title='bbox 632 3431 697 3474; x_wconf 93' lang='lat' dir='ltr'>non</span> <span class='ocrx_word' id='word_1_247' title='bbox 712 3409 888 3475; x_wconf 84' lang='lat' dir='ltr'>insidiaril’</span> <span class='ocrx_word' id='word_1_248' title='bbox 924 3411 1074 3496; x_wconf 89' lang='lat' dir='ltr'>Philotas,</span> <span class='ocrx_word' id='word_1_249' title='bbox 1086 3412 1222 3493; x_wconf 84' lang='lat' dir='ltr'>‘Recte&#39;‚</span> <span class='ocrx_word' id='word_1_250' title='bbox 1243 3433 1276 3483; x_wconf 86' lang='lat'>37</span> 
     </span>
     <span class='ocr_line' id='line_1_32' title="bbox 186 3513 1223 3598; baseline 0.002 -20"><span class='ocrx_word' id='word_1_251' title='bbox 186 3515 295 3597; x_wconf 90' lang='lat' dir='ltr'>inquit,</span> <span class='ocrx_word' id='word_1_252' title='bbox 327 3513 482 3598; x_wconf 82' lang='lat' dir='ltr'>‘quisquis</span> <span class='ocrx_word' id='word_1_253' title='bbox 517 3533 561 3596; x_wconf 89' lang='lat' dir='ltr'>es,</span> <span class='ocrx_word' id='word_1_254' title='bbox 597 3513 686 3579; x_wconf 88' lang='lat' dir='ltr'>dicis.</span> <span class='ocrx_word' id='word_1_255' title='bbox 732 3515 845 3597; x_wconf 90' lang='lat' dir='ltr'>Itaque</span> <span class='ocrx_word' id='word_1_256' title='bbox 880 3516 907 3581; x_wconf 89' lang='lat' dir='ltr'>si</span> <span class='ocrx_word' id='word_1_257' title='bbox 941 3516 1110 3582; x_wconf 88' lang='lat' dir='ltr'>insidiatus</span> <span class='ocrx_word' id='word_1_258' title='bbox 1143 3536 1223 3597; x_wconf 89' lang='lat' dir='ltr'>sum,</span> 
     </span>
     <span class='ocr_line' id='line_1_33' title="bbox 186 3619 1223 3703; baseline 0.004 -21"><span class='ocrx_word' id='word_1_259' title='bbox 186 3639 323 3702; x_wconf 89' lang='lat' dir='ltr'>poenam</span> <span class='ocrx_word' id='word_1_260' title='bbox 345 3639 408 3683; x_wconf 91' lang='lat' dir='ltr'>non</span> <span class='ocrx_word' id='word_1_261' title='bbox 432 3619 586 3703; x_wconf 85' lang='lat' dir='ltr'>deprecor</span> <span class='ocrx_word' id='word_1_262' title='bbox 609 3627 640 3684; x_wconf 91' lang='lat' dir='ltr'>et</span> <span class='ocrx_word' id='word_1_263' title='bbox 669 3620 764 3684; x_wconf 89' lang='lat' dir='ltr'>finem</span> <span class='ocrx_word' id='word_1_264' title='bbox 793 3620 876 3684; x_wconf 87' lang='lat' dir='ltr'>facio</span> <span class='ocrx_word' id='word_1_265' title='bbox 908 3620 1042 3702; x_wconf 85' lang='lat' dir='ltr'>dicendi,</span> <span class='ocrx_word' id='word_1_266' title='bbox 1075 3621 1223 3703; x_wconf 89' lang='lat' dir='ltr'>quoniam</span> 
     </span>
     <span class='ocr_line' id='line_1_34' title="bbox 186 3723 1223 3806; baseline 0.005 -20"><span class='ocrx_word' id='word_1_267' title='bbox 186 3723 298 3787; x_wconf 91' lang='lat' dir='ltr'>ultima</span> <span class='ocrx_word' id='word_1_268' title='bbox 334 3725 433 3790; x_wconf 90' lang='lat' dir='ltr'>verba</span> <span class='ocrx_word' id='word_1_269' title='bbox 469 3723 582 3806; x_wconf 84' lang='lat' dir='ltr'>gravia</span> <span class='ocrx_word' id='word_1_270' title='bbox 617 3731 691 3788; x_wconf 91' lang='lat' dir='ltr'>sunt</span> <span class='ocrx_word' id='word_1_271' title='bbox 727 3724 797 3789; x_wconf 87' lang='lat' dir='ltr'>visa</span> <span class='ocrx_word' id='word_1_272' title='bbox 833 3725 988 3790; x_wconf 82' lang='lat' dir='ltr'>auribus&#39;.</span> <span class='ocrx_word' id='word_1_273' title='bbox 1045 3724 1223 3791; x_wconf 83' lang='lat' dir='ltr'>Abducitur</span> 
     </span>
     <span class='ocr_line' id='line_1_35' title="bbox 186 3829 862 3912; baseline -0.001 -16"><span class='ocrx_word' id='word_1_274' title='bbox 186 3830 303 3896; x_wconf 90' lang='lat' dir='ltr'>deinde</span> <span class='ocrx_word' id='word_1_275' title='bbox 325 3830 366 3894; x_wconf 91' lang='lat' dir='ltr'>ab</span> <span class='ocrx_word' id='word_1_276' title='bbox 388 3829 436 3910; x_wconf 86' lang='lat' dir='ltr'>iis,</span> <span class='ocrx_word' id='word_1_277' title='bbox 462 3830 514 3912; x_wconf 89' lang='lat' dir='ltr'>qui</span> <span class='ocrx_word' id='word_1_278' title='bbox 537 3830 758 3896; x_wconf 89' lang='lat' dir='ltr'>custodiebant</span> <span class='ocrx_word' id='word_1_279' title='bbox 782 3851 862 3895; x_wconf 92' lang='lat' dir='ltr'>eum.</span> 
     </span>
    </p>
   </div>
   <div class='ocr_carea' id='block_1_3' title="bbox 0 0 1492 4322">
    <p class='ocr_par' dir='ltr' id='par_1_4' title="bbox 0 0 1492 4322">
     <span class='ocr_line' id='line_1_36' title="bbox 0 0 1492 4322; baseline 0 2"><span class='ocrx_word' id='word_1_280' title='bbox 0 0 1492 4322; x_wconf 95' lang='lat' dir='ltr'> </span> 
     </span>
    </p>
   </div>
  </div>
 </body>
</html>
