3028 4322
383 253 653 308 ·HISTORIARUM
671 254 887 313 ALEXANDRI
905 255 942 309 IV
961 257 985 308 6.
1005 258 1028 308 7.
1195 256 1238 320 53

200 457 270 541 ipse
303 479 359 524 rex
390 461 627 545 antesignanos,
662 467 703 543 et,
738 462 814 527 dum
845 460 1002 527 incautius
1032 460 1126 542 subit,
1161 481 1237 527 saxo

201 580 274 628 crus
294 561 362 630 eius
379 563 544 648 affligitur.
579 565 710 632 Innixus
732 572 840 631 tamen
862 566 936 647 telo,
959 565 1101 630 nondum
1123 565 1238 649 prioris
1256 579 1290 630 24

199 665 342 733 vulneris
372 668 511 736 obducta
541 670 698 751 cicatrice,
728 670 812 736 inter
841 669 995 756 primores
1018 668 1156 750 dimicat,
1191 669 1240 734 ira

201 789 328 852 quoque
361 793 524 856 accensus,
565 773 650 857 quod
684 773 747 840 duo
781 773 814 838 in
848 773 1014 839 obsidione
1048 772 1145 839 urbis,
1171 772 1240 839 eius

200 875 333 940 vulnera
355 885 534 962 acceperat.
581 877 685 944 Betim
708 878 842 962 egregia
872 877 959 944 edita
987 899 1098 964 pugna
1120 877 1228 944 multis
1258 891 1291 943 25
1347 928 1350 937 .

201 997 263 1060 que
285 981 470 1048 vulneribus
501 984 680 1050 confectum
711 983 919 1049 deseruerunt
948 983 1007 1064 sui,
1044 1003 1104 1047 neo
1134 989 1239 1048 tamen

202 1084 333 1166 segnius
355 1086 513 1171 proelium
536 1087 736 1172 capessebat,
770 1087 901 1154 lubricis
923 1087 1020 1153 armis
1042 1107 1099 1153 suo
1121 1087 1242 1172 pariter

202 1195 298 1270 atque
329 1188 469 1256 hostium
500 1187 666 1276 sanguinei
713 1191 779 1257 Sed
809 1213 879 1257 cum
910 1191 1052 1274 undique
1085 1191 1158 1258 telis
1182 1215 1239 1278 pe-
1259 1205 1292 1256 26

202 1303 329 1376 uretur,
354 1296 400 1360 ad
415 1307 617 1381 postremum
645 1297 811 1362 echeneis
839 1297 965 1360 viribus
986 1298 1079 1361 vivus
1101 1298 1137 1360 in
1152 1307 1240 1382 pote-

202 1407 314 1462 statem
340 1401 479 1464 bostium
495 1402 652 1487 pervenit.
683 1400 754 1478 Quo
776 1400 927 1482 adducto,
951 1401 1099 1467 insolenti
1122 1401 1242 1485 gaudio

202 1501 327 1569 iuvenis
362 1505 475 1586 elatus,
510 1505 592 1571 alias
625 1505 752 1572 virtutis
785 1506 881 1572 etiam
914 1507 947 1570 in
977 1507 1068 1572 hoste
1101 1507 1242 1586 mirator,

199 1607 295 1688 ‘Nom
331 1615 367 1673 ut
397 1609 552 1690 voluisti’,
588 1609 701 1693 inquit,
731 1609 900 1690 ‘morieris
934 1609 1001 1692 sed,
1035 1609 1188 1693 quioquid
1210 1610 1242 1674 in

204 1711 366 1797 captivum
404 1713 541 1780 inveniri
578 1721 692 1800 potest,
731 1735 898 1800 passurum
935 1735 1006 1780 esse
1039 1721 1073 1780 te
1110 1713 1241 1798 cogita'.

203 1817 262 1882 Ille
292 1839 357 1884 non
387 1819 533 1885 interrito
563 1818 667 1900 modo,
701 1819 760 1885 sed
790 1820 967 1885 contumaci
998 1838 1124 1902 quoque
1153 1820 1243 1884 vultu
1260 1829 1294 1878 27

203 1920 334 1990 intuens
364 1945 483 2008 regern,
515 1925 635 1991 nullam
664 1924 707 1989 ad
736 1925 838 1991 minas
868 1925 936 1990 eius
959 1924 1098 1990 reddidit
1121 1944 1242 1990 vocem.

203 2027 285 2096 Tum
308 2028 500 2112 Alexander,
528 2029 707 2096 ‘Videtisne
738 2029 930 2095 obstinatum
959 2028 1002 2095 ad
1032 2026 1240 2094 tacendum?
1261 2037 1295 2090 28

204 2131 317 2216 inquit,
360 2136 449 2200 ‘num
487 2155 574 2218 genu
612 2133 742 2219 posuit?
801 2155 877 2198 num
914 2153 1026 2198 vocem
1064 2131 1243 2218 supplicem

204 2237 314 2307 misit?
346 2238 480 2303 Vincam
502 2246 610 2304 tamen
633 2238 792 2304 silentium
816 2245 857 2319 et,
881 2237 907 2302 si
931 2237 1012 2302 nihil
1034 2237 1131 2317 alind,
1157 2242 1243 2301 certe

205 2341 327 2423 gemitu
351 2341 583 2426 interpellabo?
628 2342 681 2406 Ira
702 2341 820 2406 deinde
843 2340 938 2406 vertit
960 2339 994 2404 in
1016 2341 1146 2421 rabiem,
1180 2340 1244 2404 iam
1262 2350 1296 2400 29

205 2449 272 2510 tum
294 2445 482 2530 peregrinos
505 2445 585 2512 ritus
608 2467 693 2512 nova
715 2447 874 2513 subeunte
897 2444 1037 2511 fortuna.
1078 2444 1141 2510 Per
1162 2444 1244 2510 talos

206 2547 290 2614 enim
313 2549 465 2634 spirantis
488 2550 556 2614 lora
578 2549 713 2615 traiecta
739 2554 821 2629 sunt,
853 2548 1090 2632 religatumque
1113 2548 1157 2612 ad
1179 2567 1246 2612 cur-

205 2671 275 2717 rum
298 2657 424 2718 traxere
447 2651 533 2719 circa
554 2652 666 2719 urbem
690 2653 772 2736 equi,
797 2651 957 2736 gloriante
980 2672 1067 2735 rege,
1087 2651 1245 2731 Achillen,

205 2774 311 2837 aquo
341 2776 444 2839 genus
475 2755 545 2842 ipse
575 2756 760 2837 deduceret,
793 2755 952 2822 imitatum
983 2775 1018 2820 se
1048 2775 1120 2820 esse
1142 2774 1247 2839 poena

206 2857 239 2921 in
275 2857 401 2924 hostem
435 2858 601 2944 capienda.
649 2859 804 2926 Cecidere
837 2860 1007 2924 Persarum
1041 2858 1247 2940 Arabumque
1266 2855 1299 2906 30

205 2961 333 3026 circax
357 2963 453 3044 milia,
483 2983 544 3028 nec
567 2962 795 3029 Macedonibus
826 2963 993 3027 incruenta
1015 2961 1149 3028 victoria
1170 2961 1240 3026 fuit.

206 3066 339 3132 Obsidio
370 3074 456 3133 certe
490 3088 554 3132 non
587 3075 654 3134 tam
688 3068 834 3134 claritate
867 3067 955 3132 urbis
993 3065 1163 3132 nobilitata
1197 3071 1247 3130 est

207 3189 305 3251 qnam
336 3171 499 3255 geminato
533 3171 675 3256 periculo
704 3171 802 3255 regis.
849 3169 922 3251 Qui,
952 3170 1139 3255 Aegyptum
1161 3168 1249 3234 adire

207 3272 375 3354 festinans,
391 3274 555 3358 Amyntan
577 3295 650 3340 cum
668 3285 693 3338 X
713 3273 894 3339 triremibus
918 3273 951 3336 in
963 3272 1185 3339 Macedoniam
1207 3271 1249 3337 ad

207 3377 473 3460 conquisitionem
496 3399 650 3444 novorum
681 3378 818 3444 militum
840 3377 936 3442 misit.
981 3377 1129 3459 Namque
1152 3375 1249 3441 etiam
1268 3373 1299 3424 31

208 3481 360 3548 secundis
404 3485 625 3551 atterebantur
668 3489 778 3550 tamen
821 3483 942 3568 copiae,
989 3482 1251 3565 devictarumque

209 3586 354 3670 gentium
377 3587 471 3654 militi
498 3588 601 3654 minor
631 3609 727 3672 quam
750 3587 925 3652 domestico
955 3585 1034 3652 fides
1063 3585 1249 3652 habebatur.

660 3727 725 3781 Gur.
744 3727 803 3781 Vll.

152 3835 199 3908 29
316 3827 481 3915 Aegyptii,
506 3829 582 3895 olim
598 3828 767 3895 Persarum
790 3829 904 3914 opibus
927 3827 1046 3894 infensi
1069 3865 1110 3875 —
1133 3827 1251 3912 quippe
1289 3850 1301 3898 1

209 3951 307 3998 avare
333 3940 364 3998 et
387 3931 525 4018 superbe
548 3933 768 4019 imperitatum
791 3931 852 3999 sibi
875 3951 947 3998 esse
963 3931 1138 3998 credebant
1154 3967 1194 3978 -
1210 3929 1252 3996 ad
