2976 4322
292 191 356 255 230
681 193 712 258 Q.
732 192 842 247 GURTI
860 193 947 247 RUFI

293 405 419 480 agreste
446 405 477 464 et
503 398 664 464 horridum
693 420 794 483 genus
818 406 874 480 est,
907 398 991 482 quod
1022 399 1181 484 sapientes
1204 406 1329 466 vocant.

243 518 275 568 32
294 501 388 586 Apud
411 502 469 567 hos
493 524 647 588 occupare
670 503 727 568 tati
750 503 834 569 diem
854 505 1027 589 pulchrum,
1051 511 1083 569 θῖ
1097 503 1188 570 vivos
1212 524 1246 570 se
1270 525 1334 569 crc-

294 607 373 670 mari
388 607 504 688 iubent,
522 608 635 688 quibus
652 616 706 673 aut
721 608 829 691 segnis
852 615 941 673 aetas
964 615 1019 672 aut
1034 607 1235 673 incommoda
1257 608 1336 674 vali-

295 709 371 775 tudo
395 717 451 775 est.
476 711 685 796 Expectatam
701 720 834 778 mortem
848 734 905 798 pro
926 711 1082 778 dedecore
1097 713 1183 778 vitae
1206 712 1336 795 habent,

295 835 354 879 nec
372 815 451 880 ullus
467 816 658 900 corporibus,
675 837 757 900 quae
773 823 917 882 senectus
937 817 1040 898 solvit,
1057 816 1158 882 bonos
1177 815 1337 882 redditur:

245 935 278 985 33
296 919 452 1002 inquinari
482 927 594 1005 putant
623 921 739 1004 ignem,
763 921 823 986 nisi
850 921 903 1002 qui
927 922 1082 1006 spirantes
1108 921 1229 1007 recipit.
1275 922 1338 1003 llli,

297 1023 351 1106 qui
373 1024 406 1088 in
428 1024 556 1090 urbibus
582 1025 716 1110 publicis
746 1025 885 1091 moribus
908 1025 1038 1108 degunt,
1069 1025 1207 1091 sidemm
1234 1032 1339 1090 motus

297 1127 375 1194 scite
398 1136 541 1213 spectare
564 1129 709 1195 dicuntur
732 1137 763 1195 et
785 1129 891 1195 lutura
912 1129 1105 1215 praedicere.
1141 1129 1209 1194 Nec
1233 1147 1341 1210 quem·

297 1251 392 1312 quam
411 1234 581 1300 admovere
596 1235 651 1300 leti
674 1234 759 1300 diem
782 1233 921 1315 credunt,
945 1234 996 1299 cui
1013 1241 1180 1319 expectare
1196 1233 1339 1298 interrito

248 1355 281 1403 34
300 1337 402 1402 liceat.
449 1339 536 1404 Deos
559 1346 679 1424 putant,
704 1339 854 1422 quicquid
876 1339 980 1404 colere
1006 1345 1185 1424 coeperunt,
1209 1337 1339 1403 arbores

249 1460 282 1508 35
301 1443 454 1508 maxime:
478 1463 557 1526 quas
579 1443 699 1509 violare
722 1443 839 1529 capital
862 1450 919 1508 est.
948 1444 1074 1533 Menses
1096 1443 1130 1506 in
1152 1441 1265 1526 quinos
1290 1441 1341 1506 de-

250 1563 283 1614 36
301 1567 359 1612 nos
382 1546 607 1632 discripserunt
629 1547 707 1629 dies,
731 1548 805 1613 anni
827 1549 922 1633 plena
945 1548 1048 1632 spatia
1071 1553 1243 1613 servantur.
1280 1547 1340 1610 Lu-

301 1674 361 1718 nae
384 1672 476 1717 cursu
498 1658 608 1716 notant
630 1659 782 1737 tempora,
805 1673 877 1732 non,
900 1659 935 1716 ut
957 1652 1109 1737 plerique,
1137 1671 1208 1716 cum
1231 1651 1341 1716 orbem

302 1756 389 1822 sidus
412 1756 564 1841 implevit,
591 1757 648 1822 sed
671 1777 742 1821 cum
765 1777 799 1822 se
827 1777 958 1822 curvare
981 1756 1085 1842 coepit
1103 1756 1136 1819 in
1159 1775 1286 1835 cornua,
1311 1761 1342 1820 θῖ

266 1904 268 1908 ,
302 1861 420 1927 idcirco
454 1861 614 1927 breviores
644 1861 762 1926 habent
791 1880 925 1942 menses,
957 1861 1031 1944 quia
1061 1859 1198 1945 spatium
1233 1879 1341 1924 eorum

252 1979 285 2028 37
303 1965 345 2030 ad
368 1966 451 2030 bunc
473 1966 566 2030 lunae
589 1965 717 2030 modum
732 1964 880 2048 dirigunt.
906 1965 1006 2029 Multa
1029 1972 1060 2030 et
1082 1964 1146 2028 alia
1165 1963 1339 2044 traduntur,

304 2071 416 2152 quibus
432 2069 547 2134 morari
562 2069 704 2135 ordinem
718 2089 822 2134 rerum
837 2068 923 2134 haud
938 2089 1014 2134 sane
1030 2089 1145 2153 operae
1164 2067 1339 2133 videbatur.

763 2262 828 2315 Cer.
848 2261 882 2314 X.

1482 2341 1483 2368 r

272 2397 284 2444 1
407 2383 509 2465 Igitur
531 2381 713 2446 Alexandro
728 2381 798 2447 finis
813 2382 925 2448 Indiae
940 2383 1084 2465 ingresso
1100 2383 1242 2465 gentium
1265 2382 1340 2446 dua·
1351 2374 1396 2446 34

305 2510 373 2554 rum
396 2487 498 2570 reguli
528 2493 736 2567 occurrerunt,
761 2487 917 2572 imperata
950 2487 1073 2568 facturi,
1096 2487 1185 2550 illum
1218 2487 1345 2552 tertium

306 2595 383 2659 Iove
406 2593 547 2675 genitum
576 2591 618 2656 ad
640 2591 726 2675 ipsos
756 2591 939 2676 pervenisse
962 2598 1184 2657 memorantes:
1217 2592 1346 2655 Patrem

306 2700 453 2764 Liberum
491 2703 586 2779 atque
623 2695 793 2761 Herculem
827 2695 913 2760 lama
946 2696 1091 2779 cognitos
1126 2715 1206 2776 esse,
1242 2695 1348 2779 ipsum

273 2813 414 2869 2eoram
447 2800 561 2866 adesse
595 2800 751 2882 cernique.
799 2801 867 2865 Rex
899 2801 1037 2883 benigne
1071 2807 1221 2884 exceptos
1255 2799 1348 2879 sequi

308 2907 408 2988 iussit,
442 2906 544 2972 isdem
577 2906 722 2970 itinerum
761 2904 892 2970 ducibus
926 2924 1048 2969 usurus.
1094 2903 1241 2968 Ceterum
1275 2921 1348 2966 cum

309 3012 443 3096 amplius
466 3032 559 3075 nemo
586 3017 771 3091 occurreret,
803 3009 1073 3094 Hephaestionem
1108 3015 1139 3073 et
1172 3004 1350 3072 Perdiccan

310 3137 381 3181 cum
404 3116 565 3201 copiarum
587 3121 676 3200 parte
699 3113 862 3198 praemisit
887 3112 930 3177 ad
953 3111 1157 3196 subigendos,
1185 3110 1239 3194 qui
1262 3130 1350 3175 aver-

311 3228 453 3286 sarentur
475 3220 650 3305 imperium,
673 3219 827 3300 iussitque
850 3217 893 3282 ad
915 3212 1032 3282 flumen
1048 3215 1162 3281 Indum
1176 3214 1351 3300 procedere

312 3333 343 3390 ct
365 3325 495 3408 navigia
526 3324 641 3405 facere,
666 3323 734 3405 quis
765 3323 798 3386 in
828 3321 978 3388 ulteriora
1008 3318 1211 3406 transportari
1242 3325 1353 3403 posset

277 3437 293 3487 3
312 3429 478 3495 exercitus.
525 3429 586 3510 Illi,
610 3427 684 3511 quia
706 3427 797 3511 plura
819 3424 949 3489 flumina
979 3422 1159 3508 superanda
1182 3429 1281 3502 erant,
1306 3421 1353 3486 sie

313 3534 443 3599 iunxere
459 3553 566 3614 naves,
590 3539 624 3597 ut
640 3531 762 3596 solutae
778 3529 926 3614 plaustris
950 3529 1023 3594 vehi
1039 3533 1169 3612 possent
1183 3545 1354 3608 rursusque

279 3636 470 3720 4coniungi.
505 3639 589 3722 lpse,
614 3635 741 3701 Cratero
766 3654 836 3699 cum
858 3633 1019 3718 phalange
1045 3632 1131 3696 iusso
1155 3629 1254 3713 sequi,
1268 3627 1353 3713 equi·

314 3749 413 3807 tatum
449 3764 486 3807 ae
508 3743 612 3806 levem
646 3746 837 3803 armaturam
871 3737 979 3802 eduxit
1002 3756 1129 3818 eosque,
1166 3734 1217 3817 qui
1249 3754 1354 3798 occur-

285 3855 300 3904 5
320 3854 436 3928 rerunt,
460 3845 523 3910 levi
549 3844 669 3930 proelio
699 3843 732 3906 in
754 3843 863 3906 urbem
892 3840 1068 3926 proximam
1091 3837 1250 3923 compulit.
1286 3837 1355 3900 Iam
