2976 4322
280 225 342 290 190
673 227 703 293 0.
723 225 832 280 ouum
850 224 938 278 surr

277 431 403 514 gnevit:
428 451 521 513 quem
544 439 664 496 certum
677 430 858 497 mehercule
870 421 1134 495 110116061110111111
1148 427 1321 513 interprete

223 535 432 600 2501110010
458 555 524 617 suo,
555 537 613 601 tibi
643 543 749 601 autem
780 535 849 599 dira
879 533 1006 617 saepius
1037 553 1132 615 quarn
1162 551 1241 616 opus
1272 540 1322 597 est

275 638 473 704 denuntiare.
521 641 587 724 Ipsi
621 640 700 704 mihi
733 639 864 720 indices,
899 637 974 721 quid
1005 637 1086 702 extis
1121 637 1320 719 cognoveris

223 755 256 806 26
275 765 315 809 ne
342 745 446 828 possis
468 744 594 810 infitiari
625 745 753 825 dixisse,
785 765 866 826 quae
897 743 1034 808 dixeris?
1081 740 1141 806 Ille
1164 741 1322 824 exanguis

275 848 472 930 attonitoque
503 849 612 914 similis
643 850 757 930 stabat,
778 869 835 933 per
865 854 984 912 metum
1013 847 1110 912 ctiam
1140 865 1220 911 voce
1246 865 1320 930 sup-

275 972 399 1035 pressa,
419 952 610 1035 tandemque
634 953 747 1017 eodem
770 959 856 1017 metu
879 952 1068 1032 stimulante,
1092 971 1132 1014 ne
1155 949 1241 1033 regis
1265 970 1319 1014 cx·

275 1057 490 1140 peotationem
524 1063 708 1138 moraretur,
743 1056 892 1139 ‘Magni’,
931 1056 1040 1138 inquit,
1075 1053 1217 1135 laboris,
1256 1075 1320 1119 non

275 1158 356 1223 irriti
387 1158 556 1224 discrimen
578 1160 696 1225 instare
719 1159 874 1246 praedixi,
905 1181 965 1224 nec
987 1179 1038 1223 me
1061 1179 1113 1223 ars
1136 1179 1208 1222 mea
1224 1178 1320 1240 quam

223 1275 256 1326 27
275 1263 491 1328 benivolentia
528 1265 700 1348 perturbat.
762 1263 979 1328 Infirmitatem
1016 1262 1200 1328 valitudinis
1242 1270 1318 1329 tuae

220 1435 223 1442 Ι
274 1367 366 1432 video
390 1375 430 1449 et,
455 1368 660 1450 quantumin
682 1389 745 1432 uno
768 1374 799 1432 te
823 1368 872 1448 sit,
897 1368 972 1432 scio.
1011 1367 1139 1447 Vereor,
1162 1387 1203 1431 ne
1227 1388 1317 1452 prae-

222 1483 255 1534 28
274 1471 355 1535 senti
377 1471 523 1536 fortunae
548 1469 642 1558 [tuae]
666 1471 812 1536 sufficere
842 1493 906 1536 11011
935 1471 1058 1556 possis?
1104 1471 1172 1534 Rex
1194 1471 1317 1536 iussum

274 1575 431 1640 confidere
455 1576 599 1641 felicitati
623 1597 699 1642 suae
723 1613 763 1623 -
787 1575 1022 1657 adalmodis,
1047 1575 1107 1640 sibi
1124 1575 1166 1640 ad
1182 1576 1318 1658 gloriam

162 1727 175 1748 1
221 1695 255 1743 29
273 1678 448 1745 concedere
472 1679 549 1746 deos
577 1718 613 1728 -
637 1681 773 1744 dimisit.
814 1679 1011 1746 Consultanti
1027 1679 1100 1745 inde
1116 1701 1188 1744 cum
1205 1679 1317 1762 isdem,

273 1803 411 1864 quonam
434 1783 528 1849 modo
555 1782 672 1850 flumen
700 1785 878 1866 transirent,
910 1784 1097 1870 supervenit
1123 1783 1318 1865 Aristander,

273 1909 336 1951 non
370 1888 450 1953 alias
484 1889 617 1954 laetiora
662 1896 737 1954 exta
774 1889 892 1954 vidisse
926 1908 962 1954 sc
999 1888 1169 1968 affirmans,
1207 1888 1318 1970 utique

273 1993 429 2075 prioribus
459 1993 555 2077 longe
586 1993 729 2060 diversa:
764 2001 830 2058 tum
861 1993 1079 2060 sollicitudinis
1111 2013 1224 2058 causas
1259 2015 1316 2078 ap-

272 2097 424 2180 paruisse,
448 2119 531 2162 nunc
553 2119 681 2183 prorsus
705 2099 835 2182 egregie
858 2097 982 2163 litatum
1005 2117 1085 2163 esse.

220 2219 254 2270 30
382 2200 537 2283 Ceterum,
574 2224 655 2285 quae
689 2203 823 2268 subinde
853 2203 997 2268 nuntiata
1026 2209 1098 2267 sunt
1131 2201 1208 2285 regi,
1244 2206 1364 2278 con-32

221 2323 251 2373 31
275 2305 383 2371 tinuae
406 2306 551 2372 felicitati
581 2328 686 2372 rerum
716 2308 783 2373 eius
814 2309 1030 2394 imposuerant
1060 2308 1174 2372 labem.
1210 2308 1317 2373 Mene·

272 2409 406 2490 demum,
441 2418 602 2498 utsupra
632 2411 750 2476 dictum
780 2419 837 2492 est,
871 2412 1001 2477 miserat
1030 2410 1073 2476 ad
1103 2411 1316 2476 obsidendum

273 2513 487 2598 Spitamenen,
511 2516 700 2580 Bactrianae
724 2516 911 2582 defectionis
934 2523 1105 2581 auctorem.
1143 2516 1205 2592 oui
1229 2537 1309 2581 corn-

272 2625 361 2702 perte
384 2619 485 2684 hostis
508 2619 657 2701 adventu,
680 2621 840 2686 nemoris
863 2621 949 2686 urbis
972 2620 1194 2702 includeretur,
1219 2621 1312 2687 simul

271 2721 371 2787 fretus
395 2723 499 2808 excipi
522 2745 625 2808 posse,
649 2745 712 2806 qua
727 2745 799 2789 eum
822 2732 988 2790 venturum
1010 2725 1140 2806 sciebat,
1167 2725 1312 2792 consedit

220 2844 253 2894 32
273 2827 425 2892 occultus.
481 2827 633 2894 Silvestre
667 2829 726 2893 iter
756 2836 866 2914 aptum
895 2827 1017 2894 insidiis
1047 2827 1195 2912 tegendis
1226 2838 1311 2896 erat:

270 2931 314 2995 ibi
336 2932 449 2997 Dahas
472 2932 622 2998 condidit.
658 2932 740 3016 Equi
754 2934 846 2998 binos
862 2939 1000 2999 armatos
1016 2933 1152 3000 vehunt:
1179 2955 1312 3017 quorum

270 3035 405 3100 invicem
450 3037 566 3120 singuli
610 3045 741 3122 repente
779 3037 935 3119 desiliunt,
983 3038 1137 3122 equestris
1184 3059 1312 3123 pugnae

270 3139 412 3205 ordinem
435 3143 571 3207 turbant.
617 3143 778 3224 Equorum
800 3141 962 3208 velocitati
993 3149 1122 3226 par-est
1145 3143 1309 3208 hominum

216 3259 250 3310 33
269 3244 448 3327 pernicitas.
508 3245 576 3311 Hos
614 3244 824 3331 Spitamenes,
851 3246 966 3311 saltum
1003 3245 1169 3312 circumire
1196 3247 1309 3328 iussos,

268 3349 387 3434 pariter
420 3357 451 3414 et
485 3372 505 3415 a
538 3349 690 3415 lateribus
724 3358 756 3415 et
789 3373 809 3416 a
842 3350 946 3416 fronte
980 3357 1012 3416 et
1046 3373 1067 3416 0
1099 3359 1192 3435 tergo
1227 3351 1311 3418 hosti

217 3453 415 3519 3400160111.
476 3454 691 3536 Menedemus,
718 3455 856 3539 undique
900 3455 1048 3536 inclusus,
1093 3475 1134 3520 ne
1178 3476 1309 3522 numero

269 3557 396 3640 quidem
426 3579 492 3643 par,
528 3557 582 3623 diu
614 3565 720 3624 10111611
749 3559 875 3640 resistit,
911 3559 1076 3625 clamitans
1109 3558 1189 3624 nihil
1219 3559 1306 3626 aliud

270 3681 435 3746 superesse
458 3663 599 3727 locorum
621 3661 734 3728 fraude
761 3662 904 3748 deceptis
935 3683 1030 3746 quam
1054 3663 1208 3729 honestae
1231 3685 1311 3730 mor-

217 3778 250 3831 05
268 3764 308 3830 tis
332 3765 484 3830 solacium
507 3787 548 3831 611
570 3764 707 3831 hostium
730 3767 839 3832 caede.
878 3769 988 3852 Ipsum
1003 3769 1191 3852 praevalens
1207 3788 1306 3852 equus

269 3869 417 3951 vehebat,
463 3890 524 3953 quo
569 3870 696 3954 saepius
732 3871 765 3935 in
802 3891 919 3937 cuneos
956 3872 1161 3938 barbarorum
1198 3873 1309 3939 effusis

222 4208 347 4310 Α
