3028 4322
400 272 650 327 HISTORIARUM
668 269 882 324 ALEXANDRI
900 271 938 324 IV
956 273 980 323 4.
1000 273 1023 324 5.
1189 271 1231 334 47

193 478 430 544 denuntiatione
460 477 545 560 belli,
570 476 657 560 quod
686 476 899 561 praesentium
929 496 1033 541 rerum
1055 476 1231 542 necessitas

193 589 377 648 moraretur.

139 692 183 764 20
295 688 398 770 Tyros
436 686 571 772 septimo
608 704 726 764 mense,
767 704 863 767 quam
900 684 1078 770 oppugnari
1115 690 1230 770 coepta
1250 699 1282 748 19

191 799 267 873 erat,
303 798 397 876 capta
430 797 486 872 est,
522 789 597 855 urbs
632 796 663 854 et
697 795 856 854 vetustate
890 788 1022 872 originis
1057 794 1089 854 et
1120 789 1231 854 crebra

190 895 335 960 fortunae
368 895 521 961 varietate
554 893 598 958 ad
632 893 816 958 memoriam
854 892 1048 978 posteritatis
1082 893 1227 977 insignis.

191 998 327 1064 Condita
348 1000 388 1064 ab
412 999 561 1082 Agenore
584 997 749 1062 diurnare
772 1017 835 1061 non
858 997 997 1063 vicinum
1020 997 1126 1080 modo,
1160 997 1227 1078 sed,

190 1103 412 1186 quodcumque
435 1103 555 1168 classes
585 1103 654 1167 eius
684 1100 839 1181 adierunt,
872 1101 1009 1168 dicionis
1040 1123 1118 1168 suae
1142 1101 1228 1168 fecit.

189 1207 238 1289 Et,
263 1207 291 1272 si
313 1207 418 1273 famae
441 1207 518 1272 libet
541 1205 680 1288 credere,
706 1205 786 1270 haec
810 1225 890 1288 gens
913 1205 1034 1272 litteras
1056 1206 1157 1291 prima
1172 1213 1227 1271 aut

189 1310 297 1376 docuit
319 1319 374 1377 aut
397 1311 516 1376 didicit.
558 1309 708 1376 Coloniae
732 1316 818 1374 certe
842 1310 911 1375 eius
933 1331 1036 1395 paene
1060 1311 1136 1376 orbe
1159 1317 1226 1375 toto
1245 1326 1280 1376 20

188 1415 323 1480 diffusae
347 1421 436 1481 suut:
469 1414 630 1498 Carthago
662 1415 693 1479 in
717 1413 835 1495 Africa,
867 1414 899 1478 in
930 1414 1064 1480 Boeotia
1086 1414 1227 1496 Thebae,

189 1519 288 1585 Gadis
322 1519 365 1584 ad
387 1519 559 1585 Oceanum.
608 1518 720 1600 Credo,
760 1518 860 1583 libero
898 1525 1111 1584 commeantes
1149 1518 1227 1582 mari

188 1623 382 1708 saepiusque
416 1622 563 1688 adeundo
598 1623 712 1688 ceteris
742 1623 922 1706 incognitas
955 1629 1056 1688 terras
1091 1622 1228 1706 elegisse

187 1728 252 1791 sive
282 1727 376 1792 sedes
406 1727 569 1808 iuventuti,
605 1748 669 1810 qua
697 1734 772 1792 tunc
802 1726 1018 1807 abundabant,
1052 1727 1120 1792 sive
1155 1727 1230 1809 quia

187 1831 306 1897 crebris
329 1832 467 1898 motibus
490 1840 595 1897 terrae
618 1871 662 1880 —
683 1854 757 1898 nam
789 1833 849 1897 hoc
879 1851 1006 1916 quoque
1029 1832 1164 1897 traditur
1188 1869 1229 1878 —

187 1938 323 2002 cultores
354 1936 423 2002 eius
452 1936 577 2021 fatigati
607 1959 690 2004 nova
720 1945 752 2002 et
783 1944 913 2002 externa
943 1937 1104 2002 domicilia
1133 1937 1230 2004 armis

187 2041 313 2106 sibimet
343 2061 496 2134 quaerere
527 2043 733 2125 cogebantur.
781 2041 888 2106 Multis
918 2062 996 2125 ergo
1027 2041 1153 2106 casibus
1176 2040 1229 2106 de·
1247 2055 1279 2104 21

187 2146 295 2210 functa
328 2154 360 2210 et
394 2154 467 2231 post
503 2147 661 2211 excidium
694 2153 805 2211 renata
837 2167 920 2210 nunc
954 2145 1091 2227 tandem,
1130 2145 1228 2228 longa

187 2271 267 2335 pace
298 2256 412 2315 cuncta
440 2249 613 2331 refovente,
648 2252 706 2316 sub
737 2252 836 2316 tutela
859 2251 1019 2316 Romanae
1048 2257 1227 2315 mansuetu·

188 2353 271 2419 dinis
294 2353 480 2435 acquiescit.

650 2461 715 2514 Chr.
735 2462 767 2514 V.

134 2563 173 2633 21
290 2561 398 2627 Isdem
431 2562 531 2627 ferme
570 2562 682 2628 diebus
716 2564 814 2628 Darei
847 2563 971 2629 litterae
993 2564 1110 2628 allatae
1144 2570 1260 2643 sunt,1

184 2666 313 2731 tandem
337 2673 370 2730 ut
401 2667 471 2750 regi
501 2667 651 2752 scriptae.
697 2667 840 2748 Petebat,
872 2668 917 2732 uti
945 2667 1043 2732 filiam
1071 2688 1161 2733 suam
1185 2704 1226 2714 —

185 2771 321 2836 Statirae
352 2778 420 2835 erat
449 2790 564 2836 nomen
596 2808 636 2818 —
667 2772 785 2856 nuptiis
809 2770 993 2836 Alexander
1023 2771 1083 2836 sibi
1115 2772 1226 2836 adiun-

184 2882 291 2957 geret:
330 2873 436 2939 dotem
474 2861 587 2940 offerre
625 2895 750 2940 omnem
787 2876 951 2958 regionem
988 2876 1070 2940 inter
1103 2875 1227 2940 Helles·

184 2986 315 3062 pontum
348 2985 380 3044 ct
413 2979 521 3066 Halyn
556 3001 682 3046 amnem
716 2981 819 3062 sitam,
855 2980 928 3045 inde
952 2980 1105 3046 orientem
1136 3001 1225 3065 spec·

183 3083 324 3148 lantibus
360 3083 452 3148 terris
491 3091 681 3149 contentum.
737 3085 772 3150 si
809 3083 892 3150 forte
930 3084 1100 3163 dubitaret,
1139 3084 1259 3168 quoda

184 3187 361 3266 offerretur,
383 3187 538 3272 accipere,
571 3209 742 3271 numquam
765 3188 820 3253 diu
845 3188 957 3254 eodem
980 3188 1118 3272 vestigio
1142 3196 1226 3253 stare

184 3292 352 3372 fortunam,
391 3312 580 3377 semperque
614 3293 768 3376 homines,
809 3302 1095 3377 quantamcumque
1129 3292 1228 3358 fclici-

183 3403 281 3461 tatem
304 3395 451 3477 habeant,
476 3397 630 3462 invidiam
653 3405 759 3463 tamen
775 3399 891 3463 sentire
915 3399 1076 3464 maiorem.
1111 3397 1221 3462 Vereri
1244 3410 1259 3459 3

183 3519 228 3580 se,
259 3520 300 3564 ne
323 3499 430 3565 avium
460 3501 564 3582 modo,
597 3522 676 3584 quas
706 3502 858 3567 naturalis
889 3502 1004 3568 levitas
1033 3509 1152 3586 ageret,
1183 3501 1226 3566 ad

182 3601 288 3668 sidera
310 3604 395 3668 inani
419 3625 457 3670 ac
480 3605 594 3689 puerili
609 3613 714 3672 mente
731 3625 766 3671 se
790 3607 933 3672 efferret:
956 3607 1036 3672 nihil
1059 3605 1225 3671 difficilius

182 3727 252 3772 esse
275 3728 371 3790 quam
394 3708 427 3772 in
450 3709 505 3774 illa
519 3717 623 3774 aetate
638 3717 758 3775 tantam
774 3730 887 3796 capere
904 3711 1070 3775 fortunam.
1106 3711 1222 3774 Multas
1241 3721 1257 3770 4

182 3832 216 3877 se
238 3811 344 3878 adhuc
369 3813 521 3896 reliquias
551 3813 669 3880 habere
699 3835 759 3880 nec
790 3835 915 3900 semper
944 3815 1026 3879 inter
1055 3814 1220 3896 angustias

181 3935 277 4002 posse
289 3914 503 4002 deprehendi:
519 3917 746 3983 transeundum
758 3939 829 3983 esse
841 3919 1024 3984 Alexandro
1036 3918 1220 4002 Euphraten
