2976 4322
261 191 325 255 248
648 197 679 263 Q.
698 197 807 251 CURTI
825 199 912 253 RUFI

262 418 387 481 quoque
417 402 643 485 proportione
672 411 728 469 aut
751 405 879 488 gradus,
904 426 998 488 quem
1027 405 1061 468 in
1083 402 1224 469 amioitia
1246 403 1298 468 ob-

226 513 242 562 7
261 503 414 584 tinebant,
430 511 486 570 aut
501 513 638 572 navatae
654 526 771 593 operae
786 509 887 574 honos
902 508 1029 574 habitus
1046 514 1102 573 est.
1139 506 1297 586 Abisares,

261 607 324 689 qui,
347 608 534 692 priusquam
557 632 628 676 oum
650 612 732 677 Poro
756 612 968 694 dimicaretur,
995 613 1119 696 legatos
1141 610 1184 675 ad
1206 609 1298 675 Alex-

261 710 394 776 andrum
423 713 562 795 miserat,
593 736 699 781 rursus
738 717 817 782 alios
849 717 934 782 misit
963 716 1162 801 pollioeuteS,
1194 713 1298 779 omnia

261 815 427 898 facturum,
458 838 539 902 quae
570 820 766 903 imperasset,
797 821 891 886 modo
921 842 961 886 ne
992 826 1159 904 cogeretur
1185 837 1298 902 eorpus

261 940 351 985 suum
368 921 501 988 dedere:
518 943 621 1007 neque
637 924 720 990 euim
735 932 791 990 aut
807 926 874 990 sine
889 925 979 1007 regio
994 924 1127 1009 imperio
1143 923 1299 988 victurum

226 1031 242 1082 8
261 1031 316 1089 aut
337 1033 543 1109 regnaturum
566 1048 636 1094 esse
659 1029 831 1114 captivum.
876 1028 936 1094 Cui
958 1027 1142 1093 Alexander
1164 1027 1297 1092 nuntiari

260 1129 361 1211 iussit,
384 1131 411 1196 si
441 1139 628 1216 gravaretur
657 1133 700 1198 ad
729 1153 764 1198 se
785 1135 904 1216 venire,
935 1133 1039 1218 ipsum
1061 1132 1105 1197 ad
1133 1151 1206 1196 eum
1229 1150 1300 1196 esse

260 1241 436 1302 venturum.

349 1339 433 1406 Hine
472 1361 565 1426 porro
603 1363 696 1407 amne
733 1349 882 1429 superato
920 1341 962 1406 ad
1000 1339 1149 1406 interiora
1185 1337 1333 1408 Indiae2

228 1445 426 1528 9proeessit.
486 1446 594 1512 Silvae
628 1453 726 1529 erant,
750 1467 849 1532 prope
882 1447 914 1510 in
937 1447 1127 1510 immensum
1162 1443 1299 1527 spatium

262 1549 397 1615 diffusae
432 1551 634 1634 procerisque
665 1558 697 1616 et
726 1550 758 1615 in
793 1551 942 1616 eximiam
971 1549 1171 1615 altitudinem
1204 1545 1298 1612 editis

211 1657 243 1706 10
261 1653 424 1718 arboribus
458 1654 633 1719 umbrosae.
692 1655 840 1736 Plerique
874 1654 964 1732 rami,
988 1654 1088 1719 instar
1120 1651 1298 1734 ingentium

261 1757 412 1841 stipitum,
443 1756 516 1822 flexi
550 1758 582 1822 in
616 1757 756 1840 humum,
779 1778 897 1840 rursus,
929 1779 991 1841 qua
1021 1776 1056 1822 se
1079 1760 1298 1834 curvaverant,

261 1862 472 1945 erigebantur,
496 1862 577 1928 adeo
599 1870 634 1928 ut
657 1863 780 1948 speeies
804 1867 889 1929 esset
903 1883 966 1927 non
989 1860 1070 1926 rami
1092 1859 1297 1942 resurgentis,

210 1977 240 2026 11
261 1965 319 2031 sed
348 1967 469 2032 arboris
499 1989 539 2033 ex
569 1987 627 2032 sua
648 1967 757 2033 radioe
787 1971 967 2051 generatae.
1014 1964 1103 2030 anli
1126 1963 1297 2048 temperies

262 2070 413 2136 salubris:
437 2071 556 2156 quippe
586 2079 618 2136 et
647 2072 712 2138 vim
735 2071 810 2137 solis
841 2071 971 2135 umbrae
994 2070 1103 2135 levant
1133 2075 1165 2134 et
1195 2086 1299 2149 aquae

210 2186 242 2235 12
260 2175 350 2258 large
366 2181 494 2239 manant
510 2197 527 2241 e
544 2175 694 2244 fontibus.
732 2175 879 2242 Ceterum
894 2175 946 2240 bie
962 2193 1089 2258 quoque
1105 2171 1300 2258 serpentium

261 2299 378 2362 magna
414 2279 463 2345 vis
498 2287 574 2358 erat,
603 2280 742 2362 squamis
780 2280 938 2363 fulgorem
975 2279 1043 2343 anri
1081 2276 1298 2343 reddentibus.

261 2383 356 2448 Virus
379 2382 465 2447 baud
495 2384 594 2475 ullum
624 2385 728 2467 magis
760 2383 891 2449 noxium
914 2391 978 2449 est:
1013 2383 1130 2468 quippe
1162 2400 1301 2446 morsum

261 2507 412 2572 praesens
442 2506 526 2553 mors
553 2489 752 2571 sequebatur,
786 2487 887 2554 donee
910 2488 950 2552 ab
981 2487 1095 2551 ineolis
1125 2482 1302 2551 remedium

211 2606 242 2656 13
262 2591 401 2655 oblatum
431 2598 487 2657 est.
535 2592 618 2656 Hine
649 2613 706 2676 per
729 2591 854 2657 deserta
884 2598 1015 2657 ventum
1038 2597 1086 2655 est
1116 2589 1159 2653 ad
1181 2587 1300 2652 flumen

261 2695 438 2778 Hyarotim.
473 2694 618 2760 Iunotum
634 2702 701 2760 erat
715 2694 837 2759 flumini
852 2715 971 2777 nemus,
985 2714 1120 2780 opaeum
1136 2679 1302 2757 arboribus

262 2799 338 2864 alibi
361 2798 531 2863 invisitatis
562 2799 798 2882 agrestiumque
829 2819 988 2882 pavonum
1018 2797 1220 2862 multitudine
1243 2794 1304 2860 fre-

212 2918 243 2968 14
263 2923 371 2986 quens.
418 2901 538 2966 Castris
553 2901 628 2968 inde
651 2902 744 2967 motis
761 2903 915 2987 oppidum
933 2902 1019 2968 haud
1034 2901 1146 2989 proeul
1161 2899 1303 2986 positum

263 3028 379 3072 eorona
411 3005 498 3090 oapit
528 3005 754 3089 obsidibusque
784 3007 924 3092 aooeptis
948 3006 1141 3092 stipendium
1159 3005 1304 3090 imponit.

254 3101 256 3110 ‘
350 3110 401 3174 Ad
424 3130 574 3192 magnam
597 3110 722 3192 deinde,
746 3119 780 3176 ut
809 3112 843 3175 in
865 3133 904 3178 ea
925 3112 1067 3195 regione,
1097 3111 1208 3176 urbem
1231 3112 1336 3194 per-3

262 3214 359 3296 venit,
399 3233 462 3278 non
500 3234 589 3278 muro
623 3215 734 3296 solum,
769 3213 825 3280 sed
859 3216 955 3282 etiam
989 3214 1105 3300 palude
1138 3213 1302 3279 munitam.

213 3319 411 3384 rubetarum
444 3317 572 3382 barbari
607 3318 762 3384 vehiculis
796 3319 878 3384 inter
912 3339 946 3385 se
980 3319 1094 3385 iuuetis
1125 3318 1305 3384 dimicaturi

264 3429 481 3488 ooourrerunt:
501 3423 566 3487 tela
588 3423 658 3487 aliis
682 3422 803 3504 hastae,
828 3423 899 3488 aliis
923 3443 1049 3489 seoures
1073 3429 1170 3504 erant,
1194 3425 1306 3488 transi·

263 3527 446 3609 liebantque
483 3526 515 3589 in
549 3525 696 3591 vehieula
727 3533 855 3593 strenuo
889 3528 981 3609 saltu,
1012 3547 1083 3593 oum
1121 3545 1305 3592 sueeurrere

214 3645 245 3695 lo
264 3631 482 3696 laborantibus
515 3630 581 3695 suis
616 3631 742 3696 vellent.
797 3631 844 3695 Ao
874 3631 975 3715 primo
1009 3630 1169 3696 insolitum
1202 3650 1305 3714 genus

264 3755 394 3820 pugnae
416 3733 611 3800 Macedonas
645 3735 765 3815 terruit,
789 3755 861 3799 eum
895 3735 1017 3800 eminus
1051 3735 1302 3820 vulnerarentur.

265 3835 400 3919 Deinde,
421 3845 529 3923 spreto
552 3843 617 3901 tam
640 3837 802 3902 incondito
826 3837 953 3918 auxilio,
974 3838 1015 3903 ab
1045 3843 1179 3920 utroque
1202 3838 1305 3904 latere
