<?xml version="1.0" encoding="UTF-8"?>
<!DOCTYPE html PUBLIC "-//W3C//DTD XHTML 1.0 Transitional//EN"
    "http://www.w3.org/TR/xhtml1/DTD/xhtml1-transitional.dtd">
<html xmlns="http://www.w3.org/1999/xhtml" xml:lang="en" lang="en">
 <head>
  <title>
</title>
<meta http-equiv="Content-Type" content="text/html;charset=utf-8" />
  <meta name='ocr-system' content='tesseract 3.04.00' />
  <meta name='ocr-capabilities' content='ocr_page ocr_carea ocr_par ocr_line ocrx_word'/>
</head>
<body>
  <div class='ocr_page' id='page_1' title='image "./qcurtirufihisto00stangoog_0213.png"; bbox 0 0 2976 4322; ppageno 0'>
   <div class='ocr_carea' id='block_1_1' title="bbox 264 168 918 236">
    <p class='ocr_par' dir='ltr' id='par_1_1' title="bbox 264 168 918 236">
     <span class='ocr_line' id='line_1_1' title="bbox 264 168 918 236; baseline -0.009 -6"><span class='ocrx_word' id='word_1_1' title='bbox 264 168 326 232; x_wconf 88' lang='grc'><strong>180</strong></span> <span class='ocrx_word' id='word_1_2' title='bbox 653 169 683 236; x_wconf 76' lang='lat' dir='ltr'><strong>Q.</strong></span> <span class='ocrx_word' id='word_1_3' title='bbox 703 169 811 224; x_wconf 81' lang='lat' dir='ltr'>GURTI</span> <span class='ocrx_word' id='word_1_4' title='bbox 830 171 918 226; x_wconf 82' lang='lat' dir='ltr'><strong>RUFI</strong></span> 
     </span>
    </p>
   </div>
   <div class='ocr_carea' id='block_1_2' title="bbox 218 374 1365 3913">
    <p class='ocr_par' dir='ltr' id='par_1_2' title="bbox 218 374 1365 3913">
     <span class='ocr_line' id='line_1_2' title="bbox 261 374 1301 462; baseline 0.002 -23"><span class='ocrx_word' id='word_1_5' title='bbox 261 394 397 457; x_wconf 90' lang='lat' dir='ltr'><strong>rumque</strong></span> <span class='ocrx_word' id='word_1_6' title='bbox 417 395 481 440; x_wconf 94' lang='lat' dir='ltr'><strong>non</strong></span> <span class='ocrx_word' id='word_1_7' title='bbox 503 374 568 440; x_wconf 90' lang='lat' dir='ltr'><strong>alia</strong></span> <span class='ocrx_word' id='word_1_8' title='bbox 583 395 679 458; x_wconf 90' lang='lat' dir='ltr'><strong>quam</strong></span> <span class='ocrx_word' id='word_1_9' title='bbox 694 376 777 441; x_wconf 90' lang='lat' dir='ltr'><strong>vasti</strong></span> <span class='ocrx_word' id='word_1_10' title='bbox 793 383 825 441; x_wconf 90' lang='grc'><strong>61</strong></span> <span class='ocrx_word' id='word_1_11' title='bbox 840 376 994 461; x_wconf 91' lang='lat' dir='ltr'><strong>profundi</strong></span> <span class='ocrx_word' id='word_1_12' title='bbox 1009 377 1159 462; x_wconf 90' lang='lat' dir='ltr'><strong>aequoris</strong></span> <span class='ocrx_word' id='word_1_13' title='bbox 1174 377 1301 462; x_wconf 88' lang='lat' dir='ltr'><strong>speeies</strong></span> 
     </span>
     <span class='ocr_line' id='line_1_3' title="bbox 227 478 1300 565; baseline 0.001 -22"><span class='ocrx_word' id='word_1_14' title='bbox 227 493 243 543; x_wconf 86' lang='lat'>5</span> <span class='ocrx_word' id='word_1_15' title='bbox 262 485 319 544; x_wconf 91' lang='grc'><strong>661.</strong></span> <span class='ocrx_word' id='word_1_16' title='bbox 365 479 564 543; x_wconf 81' lang='lat' dir='ltr'><strong>Nocturnum</strong></span> <span class='ocrx_word' id='word_1_17' title='bbox 587 478 648 544; x_wconf 89' lang='lat' dir='ltr'><strong>iter</strong></span> <span class='ocrx_word' id='word_1_18' title='bbox 673 479 841 545; x_wconf 78' lang='lat' dir='ltr'><strong>tolerabile</strong></span> <span class='ocrx_word' id='word_1_19' title='bbox 863 481 1043 565; x_wconf 89' lang='lat' dir='ltr'><strong>videbatur,</strong></span> <span class='ocrx_word' id='word_1_20' title='bbox 1076 481 1152 563; x_wconf 92' lang='lat' dir='ltr'><strong>quia</strong></span> <span class='ocrx_word' id='word_1_21' title='bbox 1174 500 1245 546; x_wconf 90' lang='lat' dir='ltr'><strong>rore</strong></span> <span class='ocrx_word' id='word_1_22' title='bbox 1268 487 1300 545; x_wconf 92' lang='lat' dir='ltr'><strong>et</strong></span> 
     </span>
     <span class='ocr_line' id='line_1_4' title="bbox 249 583 1301 668; baseline 0.001 -21"><span class='ocrx_word' id='word_1_23' title='bbox 249 583 418 648; x_wconf 79' lang='lat' dir='ltr'><strong>&#39;matutino</strong></span> <span class='ocrx_word' id='word_1_24' title='bbox 452 583 572 666; x_wconf 81' lang='lat' dir='ltr'>frigore</span> <span class='ocrx_word' id='word_1_25' title='bbox 611 603 744 668; x_wconf 90' lang='lat' dir='ltr'><strong>corpora</strong></span> <span class='ocrx_word' id='word_1_26' title='bbox 780 585 980 650; x_wconf 81' lang='lat' dir='ltr'>levabantur.</span> <span class='ocrx_word' id='word_1_27' title='bbox 1040 585 1189 651; x_wconf 86' lang='lat' dir='ltr'><strong>Ceterum</strong></span> <span class='ocrx_word' id='word_1_28' title='bbox 1228 605 1301 649; x_wconf 87' lang='lat' dir='ltr'><strong>curn</strong></span> 
     </span>
     <span class='ocr_line' id='line_1_5' title="bbox 263 681 1303 774; baseline 0 -22"><span class='ocrx_word' id='word_1_29' title='bbox 263 689 334 773; x_wconf 91' lang='lat' dir='ltr'><strong>ipsa</strong></span> <span class='ocrx_word' id='word_1_30' title='bbox 357 689 427 774; x_wconf 86' lang='grc'><strong>11166</strong></span> <span class='ocrx_word' id='word_1_31' title='bbox 450 694 559 753; x_wconf 86' lang='grc'><strong>6661116</strong></span> <span class='ocrx_word' id='word_1_32' title='bbox 588 687 697 768; x_wconf 89' lang='lat' dir='ltr'><strong>oritur,</strong></span> <span class='ocrx_word' id='word_1_33' title='bbox 729 709 920 773; x_wconf 91' lang='lat' dir='ltr'><strong>omnemque</strong></span> <span class='ocrx_word' id='word_1_34' title='bbox 950 690 1129 756; x_wconf 81' lang='lat' dir='ltr'><strong>naturalem</strong></span> <span class='ocrx_word' id='word_1_35' title='bbox 1153 681 1303 754; x_wconf 88' lang='lat' dir='ltr'><strong>absorbet</strong></span> 
     </span>
     <span class='ocr_line' id='line_1_6' title="bbox 229 791 1303 879; baseline 0.003 -24"><span class='ocrx_word' id='word_1_36' title='bbox 229 807 245 855; x_wconf 82' lang='lat' dir='ltr'><strong>a</strong></span> <span class='ocrx_word' id='word_1_37' title='bbox 264 793 428 858; x_wconf 91' lang='lat' dir='ltr'><strong>humorem</strong></span> <span class='ocrx_word' id='word_1_38' title='bbox 452 791 596 858; x_wconf 80' lang='lat' dir='ltr'><strong>siccitas:</strong></span> <span class='ocrx_word' id='word_1_39' title='bbox 620 813 675 856; x_wconf 90' lang='lat' dir='ltr'><strong>ora</strong></span> <span class='ocrx_word' id='word_1_40' title='bbox 697 791 886 876; x_wconf 82' lang='lat' dir='ltr'><strong>visceraque</strong></span> <span class='ocrx_word' id='word_1_41' title='bbox 909 795 1038 879; x_wconf 88' lang='lat' dir='ltr'><strong>penitus</strong></span> <span class='ocrx_word' id='word_1_42' title='bbox 1062 800 1205 858; x_wconf 89' lang='lat' dir='ltr'><strong>uruntur.</strong></span> <span class='ocrx_word' id='word_1_43' title='bbox 1241 793 1303 858; x_wconf 91' lang='lat' dir='ltr'><strong>Ita·</strong></span> 
     </span>
     <span class='ocr_line' id='line_1_7' title="bbox 264 896 1302 984; baseline 0 -22"><span class='ocrx_word' id='word_1_44' title='bbox 264 919 326 980; x_wconf 91' lang='lat' dir='ltr'><strong>que</strong></span> <span class='ocrx_word' id='word_1_45' title='bbox 348 897 485 982; x_wconf 88' lang='lat' dir='ltr'><strong>primum</strong></span> <span class='ocrx_word' id='word_1_46' title='bbox 507 896 615 978; x_wconf 91' lang='lat' dir='ltr'><strong>animi,</strong></span> <span class='ocrx_word' id='word_1_47' title='bbox 649 896 766 962; x_wconf 91' lang='lat' dir='ltr'><strong>deinde</strong></span> <span class='ocrx_word' id='word_1_48' title='bbox 792 919 926 984; x_wconf 87' lang='lat' dir='ltr'><strong>corpora</strong></span> <span class='ocrx_word' id='word_1_49' title='bbox 949 899 1086 964; x_wconf 88' lang='lat' dir='ltr'><strong>deficere</strong></span> <span class='ocrx_word' id='word_1_50' title='bbox 1110 904 1302 983; x_wconf 88' lang='lat' dir='ltr'><strong>coeperunt:</strong></span> 
     </span>
     <span class='ocr_line' id='line_1_8' title="bbox 230 1001 1304 1088; baseline -0.004 -17"><span class='ocrx_word' id='word_1_51' title='bbox 230 1003 397 1088; x_wconf 83' lang='lat' dir='ltr'><strong>rpigebat</strong></span> <span class='ocrx_word' id='word_1_52' title='bbox 435 1008 466 1066; x_wconf 89' lang='lat' dir='ltr'><strong>et</strong></span> <span class='ocrx_word' id='word_1_53' title='bbox 504 1001 678 1068; x_wconf 87' lang='lat' dir='ltr'><strong>consistere</strong></span> <span class='ocrx_word' id='word_1_54' title='bbox 715 1009 747 1066; x_wconf 91' lang='lat' dir='ltr'><strong>et</strong></span> <span class='ocrx_word' id='word_1_55' title='bbox 779 1002 940 1087; x_wconf 84' lang='lat' dir='ltr'><strong>progredi.</strong></span> <span class='ocrx_word' id='word_1_56' title='bbox 999 1002 1108 1085; x_wconf 86' lang='lat' dir='ltr'><strong>Pauci,</strong></span> <span class='ocrx_word' id='word_1_57' title='bbox 1138 1025 1159 1068; x_wconf 91' lang='lat' dir='ltr'><strong>a</strong></span> <span class='ocrx_word' id='word_1_58' title='bbox 1191 1002 1304 1087; x_wconf 90' lang='lat' dir='ltr'><strong>peritis</strong></span> 
     </span>
     <span class='ocr_line' id='line_1_9' title="bbox 263 1103 1304 1192; baseline -0.001 -21"><span class='ocrx_word' id='word_1_59' title='bbox 263 1105 404 1189; x_wconf 83' lang='lat' dir='ltr'><strong>regionis</strong></span> <span class='ocrx_word' id='word_1_60' title='bbox 430 1103 593 1186; x_wconf 82' lang='lat' dir='ltr'><strong>admoniti,</strong></span> <span class='ocrx_word' id='word_1_61' title='bbox 617 1113 845 1190; x_wconf 88' lang='lat' dir='ltr'><strong>praepararant</strong></span> <span class='ocrx_word' id='word_1_62' title='bbox 866 1127 998 1189; x_wconf 91' lang='lat' dir='ltr'><strong>aquam:</strong></span> <span class='ocrx_word' id='word_1_63' title='bbox 1029 1106 1111 1173; x_wconf 90' lang='lat' dir='ltr'><strong>haec</strong></span> <span class='ocrx_word' id='word_1_64' title='bbox 1141 1107 1304 1192; x_wconf 89' lang='lat' dir='ltr'><strong>paulisper</strong></span> 
     </span>
     <span class='ocr_line' id='line_1_10' title="bbox 264 1208 1303 1296; baseline -0.001 -21"><span class='ocrx_word' id='word_1_65' title='bbox 264 1211 415 1296; x_wconf 86' lang='lat' dir='ltr'><strong>repressit</strong></span> <span class='ocrx_word' id='word_1_66' title='bbox 437 1209 531 1290; x_wconf 89' lang='lat' dir='ltr'><strong>sitim,</strong></span> <span class='ocrx_word' id='word_1_67' title='bbox 563 1208 677 1274; x_wconf 90' lang='lat' dir='ltr'><strong>deinde</strong></span> <span class='ocrx_word' id='word_1_68' title='bbox 694 1217 857 1275; x_wconf 89' lang='lat' dir='ltr'><strong>crescente</strong></span> <span class='ocrx_word' id='word_1_69' title='bbox 873 1217 967 1275; x_wconf 91' lang='lat' dir='ltr'><strong>aestu</strong></span> <span class='ocrx_word' id='word_1_70' title='bbox 982 1230 1092 1277; x_wconf 90' lang='lat' dir='ltr'><strong>rursus</strong></span> <span class='ocrx_word' id='word_1_71' title='bbox 1109 1209 1303 1276; x_wconf 87' lang='lat' dir='ltr'><strong>desiderium</strong></span> 
     </span>
     <span class='ocr_line' id='line_1_11' title="bbox 219 1315 1305 1399; baseline 0 -19"><span class='ocrx_word' id='word_1_72' title='bbox 219 1359 225 1372; x_wconf 85' lang='lat'><strong>.</strong></span> <span class='ocrx_word' id='word_1_73' title='bbox 265 1316 406 1382; x_wconf 90' lang='lat' dir='ltr'><strong>humoris</strong></span> <span class='ocrx_word' id='word_1_74' title='bbox 439 1333 609 1379; x_wconf 89' lang='lat' dir='ltr'><strong>accensum</strong></span> <span class='ocrx_word' id='word_1_75' title='bbox 643 1322 702 1379; x_wconf 90' lang='lat' dir='ltr'><strong>est.</strong></span> <span class='ocrx_word' id='word_1_76' title='bbox 757 1315 855 1398; x_wconf 81' lang='lat' dir='ltr'><strong>Ergo,</strong></span> <span class='ocrx_word' id='word_1_77' title='bbox 891 1315 1043 1399; x_wconf 92' lang='lat' dir='ltr'><strong>quicquid</strong></span> <span class='ocrx_word' id='word_1_78' title='bbox 1076 1315 1143 1382; x_wconf 85' lang='lat' dir='ltr'><strong>vini</strong></span> <span class='ocrx_word' id='word_1_79' title='bbox 1178 1315 1305 1397; x_wconf 91' lang='lat' dir='ltr'><strong>oleique</strong></span> 
     </span>
     <span class='ocr_line' id='line_1_12' title="bbox 265 1419 1304 1503; baseline -0.003 -18"><span class='ocrx_word' id='word_1_80' title='bbox 265 1428 344 1501; x_wconf 92' lang='lat' dir='ltr'><strong>erat,</strong></span> <span class='ocrx_word' id='word_1_81' title='bbox 368 1420 476 1485; x_wconf 91' lang='lat' dir='ltr'><strong>oribus</strong></span> <span class='ocrx_word' id='word_1_82' title='bbox 499 1419 714 1503; x_wconf 82' lang='lat' dir='ltr'><strong>ingerebatur,</strong></span> <span class='ocrx_word' id='word_1_83' title='bbox 740 1425 894 1501; x_wconf 88' lang='lat' dir='ltr'><strong>tantaque</strong></span> <span class='ocrx_word' id='word_1_84' title='bbox 918 1419 1055 1485; x_wconf 86' lang='lat' dir='ltr'><strong>dulcedo</strong></span> <span class='ocrx_word' id='word_1_85' title='bbox 1078 1419 1209 1486; x_wconf 92' lang='lat' dir='ltr'><strong>bibendi</strong></span> <span class='ocrx_word' id='word_1_86' title='bbox 1233 1419 1304 1499; x_wconf 89' lang='lat' dir='ltr'><strong>fuit,</strong></span> 
     </span>
     <span class='ocr_line' id='line_1_13' title="bbox 231 1522 1306 1609; baseline -0.004 -18"><span class='ocrx_word' id='word_1_87' title='bbox 231 1539 248 1591; x_wconf 82' lang='lat'>8</span> <span class='ocrx_word' id='word_1_88' title='bbox 266 1533 300 1590; x_wconf 91' lang='lat' dir='ltr'><strong>ut</strong></span> <span class='ocrx_word' id='word_1_89' title='bbox 324 1525 355 1588; x_wconf 94' lang='lat' dir='ltr'><strong>in</strong></span> <span class='ocrx_word' id='word_1_90' title='bbox 378 1529 542 1609; x_wconf 89' lang='lat' dir='ltr'><strong>posterum</strong></span> <span class='ocrx_word' id='word_1_91' title='bbox 565 1523 634 1587; x_wconf 92' lang='lat' dir='ltr'><strong>sitis</strong></span> <span class='ocrx_word' id='word_1_92' title='bbox 648 1543 712 1588; x_wconf 93' lang='lat' dir='ltr'><strong>uon</strong></span> <span class='ocrx_word' id='word_1_93' title='bbox 727 1523 905 1588; x_wconf 88' lang='lat' dir='ltr'><strong>timeretur.</strong></span> <span class='ocrx_word' id='word_1_94' title='bbox 940 1525 1061 1594; x_wconf 81' lang='lat' dir='ltr'><strong>Graves</strong></span> <span class='ocrx_word' id='word_1_95' title='bbox 1077 1522 1194 1590; x_wconf 93' lang='lat' dir='ltr'><strong>deinde</strong></span> <span class='ocrx_word' id='word_1_96' title='bbox 1209 1523 1306 1588; x_wconf 90' lang='lat' dir='ltr'><strong>avide</strong></span> 
     </span>
     <span class='ocr_line' id='line_1_14' title="bbox 266 1627 1304 1714; baseline -0.003 -19"><span class='ocrx_word' id='word_1_97' title='bbox 266 1630 378 1695; x_wconf 89' lang='lat' dir='ltr'><strong>hausto</strong></span> <span class='ocrx_word' id='word_1_98' title='bbox 401 1629 534 1692; x_wconf 87' lang='lat' dir='ltr'><strong>humore</strong></span> <span class='ocrx_word' id='word_1_99' title='bbox 552 1647 616 1690; x_wconf 93' lang='lat' dir='ltr'><strong>non</strong></span> <span class='ocrx_word' id='word_1_100' title='bbox 639 1627 799 1693; x_wconf 90' lang='lat' dir='ltr'><strong>sustinere</strong></span> <span class='ocrx_word' id='word_1_101' title='bbox 814 1649 911 1709; x_wconf 90' lang='lat' dir='ltr'><strong>arma,</strong></span> <span class='ocrx_word' id='word_1_102' title='bbox 926 1649 990 1693; x_wconf 91' lang='lat' dir='ltr'><strong>uon</strong></span> <span class='ocrx_word' id='word_1_103' title='bbox 1004 1627 1131 1712; x_wconf 85' lang='lat' dir='ltr'><strong>ingredi</strong></span> <span class='ocrx_word' id='word_1_104' title='bbox 1147 1634 1304 1714; x_wconf 90' lang='lat' dir='ltr'><strong>poterant,</strong></span> 
     </span>
     <span class='ocr_line' id='line_1_15' title="bbox 267 1731 1306 1816; baseline -0.004 -17"><span class='ocrx_word' id='word_1_105' title='bbox 267 1741 298 1799; x_wconf 92' lang='lat' dir='ltr'><strong>et</strong></span> <span class='ocrx_word' id='word_1_106' title='bbox 321 1733 482 1798; x_wconf 88' lang='lat' dir='ltr'><strong>feliciores</strong></span> <span class='ocrx_word' id='word_1_107' title='bbox 504 1731 703 1812; x_wconf 85' lang='lat' dir='ltr'><strong>videbantur,</strong></span> <span class='ocrx_word' id='word_1_108' title='bbox 735 1752 815 1815; x_wconf 90' lang='lat' dir='ltr'><strong>quos</strong></span> <span class='ocrx_word' id='word_1_109' title='bbox 838 1752 923 1815; x_wconf 91' lang='lat' dir='ltr'><strong>aqua</strong></span> <span class='ocrx_word' id='word_1_110' title='bbox 947 1731 1122 1813; x_wconf 90' lang='lat' dir='ltr'><strong>defecerat,</strong></span> <span class='ocrx_word' id='word_1_111' title='bbox 1146 1753 1219 1797; x_wconf 93' lang='lat' dir='ltr'><strong>cum</strong></span> <span class='ocrx_word' id='word_1_112' title='bbox 1243 1731 1306 1816; x_wconf 91' lang='lat' dir='ltr'><strong>ipsi</strong></span> 
     </span>
     <span class='ocr_line' id='line_1_16' title="bbox 233 1835 1305 1920; baseline -0.004 -16"><span class='ocrx_word' id='word_1_113' title='bbox 233 1839 336 1904; x_wconf 78' lang='lat' dir='ltr'><strong>asine</strong></span> <span class='ocrx_word' id='word_1_114' title='bbox 357 1837 452 1902; x_wconf 93' lang='lat' dir='ltr'><strong>modo</strong></span> <span class='ocrx_word' id='word_1_115' title='bbox 475 1835 614 1900; x_wconf 83' lang='lat' dir='ltr'><strong>infusam</strong></span> <span class='ocrx_word' id='word_1_116' title='bbox 637 1835 759 1900; x_wconf 90' lang='lat' dir='ltr'><strong>vomitu</strong></span> <span class='ocrx_word' id='word_1_117' title='bbox 775 1844 966 1920; x_wconf 85' lang='lat' dir='ltr'><strong>cogerentur</strong></span> <span class='ocrx_word' id='word_1_118' title='bbox 982 1856 1123 1920; x_wconf 88' lang='lat' dir='ltr'><strong>egerere.</strong></span> <span class='ocrx_word' id='word_1_119' title='bbox 1165 1836 1305 1901; x_wconf 83' lang='lat' dir='ltr'><strong>Anxium</strong></span> 
     </span>
     <span class='ocr_line' id='line_1_17' title="bbox 267 1940 1306 2026; baseline -0.004 -18"><span class='ocrx_word' id='word_1_120' title='bbox 267 1964 376 2026; x_wconf 85' lang='lat' dir='ltr'><strong>regern</strong></span> <span class='ocrx_word' id='word_1_121' title='bbox 399 1941 496 2006; x_wconf 89' lang='lat' dir='ltr'><strong>tantis</strong></span> <span class='ocrx_word' id='word_1_122' title='bbox 518 1940 609 2004; x_wconf 90' lang='lat' dir='ltr'><strong>malis</strong></span> <span class='ocrx_word' id='word_1_123' title='bbox 632 1940 816 2005; x_wconf 91' lang='lat' dir='ltr'><strong>circumfusi</strong></span> <span class='ocrx_word' id='word_1_124' title='bbox 838 1941 942 2021; x_wconf 91' lang='lat' dir='ltr'><strong>amici,</strong></span> <span class='ocrx_word' id='word_1_125' title='bbox 956 1947 991 2006; x_wconf 93' lang='lat' dir='ltr'><strong>ut</strong></span> <span class='ocrx_word' id='word_1_126' title='bbox 1014 1941 1218 2022; x_wconf 84' lang='lat' dir='ltr'><strong>meminisset,</strong></span> <span class='ocrx_word' id='word_1_127' title='bbox 1239 1961 1306 2005; x_wconf 90' lang='lat' dir='ltr'><strong>ora-</strong></span> 
     </span>
     <span class='ocr_line' id='line_1_18' title="bbox 268 2043 1307 2128; baseline -0.002 -16"><span class='ocrx_word' id='word_1_128' title='bbox 268 2049 354 2126; x_wconf 88' lang='lat' dir='ltr'><strong>bant,</strong></span> <span class='ocrx_word' id='word_1_129' title='bbox 388 2046 485 2111; x_wconf 91' lang='lat' dir='ltr'><strong>animi</strong></span> <span class='ocrx_word' id='word_1_130' title='bbox 515 2045 564 2110; x_wconf 94' lang='lat' dir='ltr'><strong>sui</strong></span> <span class='ocrx_word' id='word_1_131' title='bbox 598 2043 852 2128; x_wconf 87' lang='lat' dir='ltr'><strong>magnitudinem</strong></span> <span class='ocrx_word' id='word_1_132' title='bbox 886 2046 1015 2111; x_wconf 90' lang='lat' dir='ltr'><strong>unicum</strong></span> <span class='ocrx_word' id='word_1_133' title='bbox 1046 2044 1225 2111; x_wconf 89' lang='lat' dir='ltr'><strong>remedium</strong></span> <span class='ocrx_word' id='word_1_134' title='bbox 1255 2044 1307 2110; x_wconf 90' lang='lat' dir='ltr'><strong>de-</strong></span> 
     </span>
     <span class='ocr_line' id='line_1_19' title="bbox 218 2149 1308 2234; baseline -0.005 -16"><span class='ocrx_word' id='word_1_135' title='bbox 218 2151 403 2218; x_wconf 85' lang='lat' dir='ltr'><strong>reficientis</strong></span> <span class='ocrx_word' id='word_1_136' title='bbox 426 2149 584 2214; x_wconf 84' lang='lat' dir='ltr'><strong>exercitus</strong></span> <span class='ocrx_word' id='word_1_137' title='bbox 612 2167 699 2215; x_wconf 91' lang='lat' dir='ltr'><strong>esse:</strong></span> <span class='ocrx_word' id='word_1_138' title='bbox 731 2169 804 2213; x_wconf 89' lang='lat' dir='ltr'><strong>cum</strong></span> <span class='ocrx_word' id='word_1_139' title='bbox 828 2171 867 2214; x_wconf 86' lang='grc'><strong>611</strong></span> <span class='ocrx_word' id='word_1_140' title='bbox 898 2149 957 2230; x_wconf 91' lang='lat' dir='ltr'><strong>his,</strong></span> <span class='ocrx_word' id='word_1_141' title='bbox 990 2150 1044 2233; x_wconf 93' lang='lat' dir='ltr'><strong>qui</strong></span> <span class='ocrx_word' id='word_1_142' title='bbox 1067 2155 1308 2234; x_wconf 90' lang='lat' dir='ltr'><strong>praecesseraut</strong></span> 
     </span>
     <span class='ocr_line' id='line_1_20' title="bbox 268 2252 1307 2340; baseline -0.002 -20"><span class='ocrx_word' id='word_1_143' title='bbox 268 2256 311 2320; x_wconf 90' lang='lat' dir='ltr'><strong>ad</strong></span> <span class='ocrx_word' id='word_1_144' title='bbox 343 2253 535 2340; x_wconf 89' lang='lat' dir='ltr'><strong>capiendum</strong></span> <span class='ocrx_word' id='word_1_145' title='bbox 568 2254 673 2318; x_wconf 88' lang='lat' dir='ltr'><strong>locum</strong></span> <span class='ocrx_word' id='word_1_146' title='bbox 707 2254 830 2334; x_wconf 89' lang='lat' dir='ltr'><strong>castris,</strong></span> <span class='ocrx_word' id='word_1_147' title='bbox 870 2252 934 2318; x_wconf 92' lang='lat' dir='ltr'><strong>duo</strong></span> <span class='ocrx_word' id='word_1_148' title='bbox 969 2261 1146 2335; x_wconf 89' lang='lat' dir='ltr'><strong>occurrunt,</strong></span> <span class='ocrx_word' id='word_1_149' title='bbox 1182 2253 1307 2318; x_wconf 88' lang='lat' dir='ltr'><strong>utribus</strong></span> 
     </span>
     <span class='ocr_line' id='line_1_21' title="bbox 268 2357 1307 2444; baseline -0.002 -20"><span class='ocrx_word' id='word_1_150' title='bbox 268 2380 384 2444; x_wconf 91' lang='lat' dir='ltr'><strong>aquarn</strong></span> <span class='ocrx_word' id='word_1_151' title='bbox 407 2364 579 2442; x_wconf 85' lang='lat' dir='ltr'><strong>gestantes,</strong></span> <span class='ocrx_word' id='word_1_152' title='bbox 611 2364 646 2422; x_wconf 92' lang='grc'><strong>111</strong></span> <span class='ocrx_word' id='word_1_153' title='bbox 669 2357 743 2422; x_wconf 88' lang='lat' dir='ltr'><strong>filiis</strong></span> <span class='ocrx_word' id='word_1_154' title='bbox 766 2358 842 2439; x_wconf 85' lang='lat' dir='ltr'><strong>suis,</strong></span> <span class='ocrx_word' id='word_1_155' title='bbox 876 2378 955 2440; x_wconf 89' lang='lat' dir='ltr'><strong>quos</strong></span> <span class='ocrx_word' id='word_1_156' title='bbox 984 2359 1017 2422; x_wconf 94' lang='lat' dir='ltr'><strong>in</strong></span> <span class='ocrx_word' id='word_1_157' title='bbox 1040 2358 1154 2423; x_wconf 90' lang='lat' dir='ltr'><strong>eodem</strong></span> <span class='ocrx_word' id='word_1_158' title='bbox 1177 2358 1307 2440; x_wconf 86' lang='lat' dir='ltr'><strong>agmine</strong></span> 
     </span>
     <span class='ocr_line' id='line_1_22' title="bbox 270 2461 1306 2548; baseline -0.004 -18"><span class='ocrx_word' id='word_1_159' title='bbox 270 2484 340 2530; x_wconf 89' lang='lat' dir='ltr'><strong>esse</strong></span> <span class='ocrx_word' id='word_1_160' title='bbox 363 2470 395 2528; x_wconf 93' lang='grc'><strong>61</strong></span> <span class='ocrx_word' id='word_1_161' title='bbox 417 2482 513 2545; x_wconf 89' lang='lat' dir='ltr'><strong>aegre</strong></span> <span class='ocrx_word' id='word_1_162' title='bbox 540 2461 607 2546; x_wconf 90' lang='lat' dir='ltr'><strong>pati</strong></span> <span class='ocrx_word' id='word_1_163' title='bbox 637 2461 723 2527; x_wconf 91' lang='lat' dir='ltr'><strong>sitim</strong></span> <span class='ocrx_word' id='word_1_164' title='bbox 753 2481 815 2526; x_wconf 90' lang='lat' dir='ltr'><strong>non</strong></span> <span class='ocrx_word' id='word_1_165' title='bbox 847 2462 1047 2545; x_wconf 87' lang='lat' dir='ltr'><strong>ignorabant,</strong></span> <span class='ocrx_word' id='word_1_166' title='bbox 1078 2470 1306 2548; x_wconf 79' lang='lat' dir='ltr'><strong>succurrerent.</strong></span> 
     </span>
     <span class='ocr_line' id='line_1_23' title="bbox 220 2565 1308 2648; baseline -0.003 -13"><span class='ocrx_word' id='word_1_167' title='bbox 220 2569 333 2647; x_wconf 68' lang='grc'><strong>1111111</strong></span> <span class='ocrx_word' id='word_1_168' title='bbox 356 2588 429 2633; x_wconf 90' lang='lat' dir='ltr'><strong>curn</strong></span> <span class='ocrx_word' id='word_1_169' title='bbox 451 2567 484 2630; x_wconf 96' lang='lat' dir='ltr'><strong>in</strong></span> <span class='ocrx_word' id='word_1_170' title='bbox 507 2586 619 2648; x_wconf 89' lang='lat' dir='ltr'><strong>regem</strong></span> <span class='ocrx_word' id='word_1_171' title='bbox 639 2565 848 2644; x_wconf 76' lang='lat' dir='ltr'><strong>incidissent,</strong></span> <span class='ocrx_word' id='word_1_172' title='bbox 861 2567 942 2631; x_wconf 93' lang='lat' dir='ltr'><strong>alter</strong></span> <span class='ocrx_word' id='word_1_173' title='bbox 961 2587 1002 2631; x_wconf 86' lang='lat' dir='ltr'><strong>ex</strong></span> <span class='ocrx_word' id='word_1_174' title='bbox 1018 2566 1069 2632; x_wconf 89' lang='lat' dir='ltr'><strong>his</strong></span> <span class='ocrx_word' id='word_1_175' title='bbox 1084 2573 1154 2632; x_wconf 91' lang='lat' dir='ltr'><strong>utre</strong></span> <span class='ocrx_word' id='word_1_176' title='bbox 1168 2567 1308 2632; x_wconf 86' lang='lat' dir='ltr'><strong>resoluto</strong></span> 
     </span>
     <span class='ocr_line' id='line_1_24' title="bbox 269 2669 1309 2755; baseline -0.003 -15"><span class='ocrx_word' id='word_1_177' title='bbox 269 2694 334 2754; x_wconf 88' lang='lat' dir='ltr'><strong>vas,</strong></span> <span class='ocrx_word' id='word_1_178' title='bbox 369 2671 454 2755; x_wconf 90' lang='lat' dir='ltr'><strong>quod</strong></span> <span class='ocrx_word' id='word_1_179' title='bbox 488 2671 580 2736; x_wconf 91' lang='lat' dir='ltr'><strong>simul</strong></span> <span class='ocrx_word' id='word_1_180' title='bbox 604 2669 736 2750; x_wconf 90' lang='lat' dir='ltr'><strong>ferebat,</strong></span> <span class='ocrx_word' id='word_1_181' title='bbox 760 2669 881 2755; x_wconf 90' lang='lat' dir='ltr'><strong>implet,</strong></span> <span class='ocrx_word' id='word_1_182' title='bbox 915 2671 1082 2754; x_wconf 87' lang='lat' dir='ltr'><strong>porrigens</strong></span> <span class='ocrx_word' id='word_1_183' title='bbox 1115 2671 1194 2754; x_wconf 91' lang='lat' dir='ltr'><strong>regi.</strong></span> <span class='ocrx_word' id='word_1_184' title='bbox 1249 2671 1309 2737; x_wconf 93' lang='grc'><strong>1116</strong></span> 
     </span>
     <span class='ocr_line' id='line_1_25' title="bbox 269 2773 1308 2862; baseline -0.002 -20"><span class='ocrx_word' id='word_1_185' title='bbox 269 2777 402 2862; x_wconf 89' lang='lat' dir='ltr'><strong>accipit:</strong></span> <span class='ocrx_word' id='word_1_186' title='bbox 440 2781 653 2861; x_wconf 84' lang='lat' dir='ltr'><strong>percontatus,</strong></span> <span class='ocrx_word' id='word_1_187' title='bbox 677 2774 792 2856; x_wconf 91' lang='lat' dir='ltr'><strong>quibus</strong></span> <span class='ocrx_word' id='word_1_188' title='bbox 807 2793 922 2856; x_wconf 91' lang='lat' dir='ltr'><strong>aquam</strong></span> <span class='ocrx_word' id='word_1_189' title='bbox 938 2781 1110 2860; x_wconf 89' lang='lat' dir='ltr'><strong>portarent,</strong></span> <span class='ocrx_word' id='word_1_190' title='bbox 1134 2774 1207 2840; x_wconf 91' lang='lat' dir='ltr'><strong>filiis</strong></span> <span class='ocrx_word' id='word_1_191' title='bbox 1223 2773 1308 2840; x_wconf 90' lang='lat' dir='ltr'><strong>ferre</strong></span> 
     </span>
     <span class='ocr_line' id='line_1_26' title="bbox 220 2879 1307 2970; baseline -0.005 -21"><span class='ocrx_word' id='word_1_192' title='bbox 220 2898 251 2950; x_wconf 84' lang='lat'><strong>12</strong></span> <span class='ocrx_word' id='word_1_193' title='bbox 270 2881 442 2966; x_wconf 89' lang='lat' dir='ltr'><strong>cognoscit.</strong></span> <span class='ocrx_word' id='word_1_194' title='bbox 479 2881 569 2944; x_wconf 86' lang='lat' dir='ltr'><strong>Tunc</strong></span> <span class='ocrx_word' id='word_1_195' title='bbox 585 2879 700 2964; x_wconf 91' lang='lat' dir='ltr'><strong>poculo</strong></span> <span class='ocrx_word' id='word_1_196' title='bbox 715 2879 818 2965; x_wconf 91' lang='lat' dir='ltr'><strong>pleno,</strong></span> <span class='ocrx_word' id='word_1_197' title='bbox 840 2879 922 2944; x_wconf 91' lang='lat' dir='ltr'><strong>sicut</strong></span> <span class='ocrx_word' id='word_1_198' title='bbox 938 2879 1080 2944; x_wconf 91' lang='lat' dir='ltr'><strong>oblatum</strong></span> <span class='ocrx_word' id='word_1_199' title='bbox 1092 2886 1153 2970; x_wconf 80' lang='grc'><strong>661,</strong></span> <span class='ocrx_word' id='word_1_200' title='bbox 1172 2879 1307 2960; x_wconf 92' lang='lat' dir='ltr'><strong>reddit0,</strong></span> 
     </span>
     <span class='ocr_line' id='line_1_27' title="bbox 266 2983 1309 3069; baseline -0.004 -17"><span class='ocrx_word' id='word_1_201' title='bbox 266 2990 347 3054; x_wconf 83' lang='lat' dir='ltr'><strong>‘Nec</strong></span> <span class='ocrx_word' id='word_1_202' title='bbox 371 2987 483 3066; x_wconf 85' lang='lat' dir='ltr'><strong>solus’,</strong></span> <span class='ocrx_word' id='word_1_203' title='bbox 514 2985 625 3068; x_wconf 92' lang='lat' dir='ltr'><strong>inquit,</strong></span> <span class='ocrx_word' id='word_1_204' title='bbox 655 2984 777 3050; x_wconf 84' lang='lat' dir='ltr'><strong>‘bibere</strong></span> <span class='ocrx_word' id='word_1_205' title='bbox 808 2983 948 3050; x_wconf 87' lang='lat' dir='ltr'><strong>sustineo</strong></span> <span class='ocrx_word' id='word_1_206' title='bbox 979 3004 1039 3049; x_wconf 88' lang='lat' dir='ltr'><strong>uec</strong></span> <span class='ocrx_word' id='word_1_207' title='bbox 1066 2991 1133 3050; x_wconf 90' lang='lat' dir='ltr'><strong>tam</strong></span> <span class='ocrx_word' id='word_1_208' title='bbox 1155 2985 1309 3069; x_wconf 85' lang='lat' dir='ltr'><strong>exiguum</strong></span> 
     </span>
     <span class='ocr_line' id='line_1_28' title="bbox 270 3088 1306 3176; baseline -0.006 -16"><span class='ocrx_word' id='word_1_209' title='bbox 270 3095 414 3160; x_wconf 87' lang='lat' dir='ltr'><strong>dividere</strong></span> <span class='ocrx_word' id='word_1_210' title='bbox 437 3092 583 3158; x_wconf 91' lang='lat' dir='ltr'><strong>omnibus</strong></span> <span class='ocrx_word' id='word_1_211' title='bbox 605 3110 743 3176; x_wconf 90' lang='lat' dir='ltr'><strong>possum.</strong></span> <span class='ocrx_word' id='word_1_212' title='bbox 780 3090 845 3156; x_wconf 89' lang='lat' dir='ltr'><strong>Vos</strong></span> <span class='ocrx_word' id='word_1_213' title='bbox 868 3088 983 3154; x_wconf 87' lang='lat' dir='ltr'><strong>currite</strong></span> <span class='ocrx_word' id='word_1_214' title='bbox 1007 3097 1039 3155; x_wconf 91' lang='lat' dir='ltr'><strong>et</strong></span> <span class='ocrx_word' id='word_1_215' title='bbox 1054 3090 1164 3156; x_wconf 90' lang='lat' dir='ltr'><strong>liberis</strong></span> <span class='ocrx_word' id='word_1_216' title='bbox 1180 3089 1306 3171; x_wconf 88' lang='grc'><strong>1661116,</strong></span> 
     </span>
     <span class='ocr_line' id='line_1_29' title="bbox 270 3195 902 3284; baseline -0.008 -19"><span class='ocrx_word' id='word_1_217' title='bbox 270 3200 354 3284; x_wconf 91' lang='lat' dir='ltr'><strong>quod</strong></span> <span class='ocrx_word' id='word_1_218' title='bbox 376 3204 505 3284; x_wconf 90' lang='lat' dir='ltr'><strong>propter</strong></span> <span class='ocrx_word' id='word_1_219' title='bbox 526 3197 598 3262; x_wconf 89' lang='lat' dir='ltr'><strong>illos</strong></span> <span class='ocrx_word' id='word_1_220' title='bbox 620 3196 778 3276; x_wconf 88' lang='lat' dir='ltr'><strong>attulistis,</strong></span> <span class='ocrx_word' id='word_1_221' title='bbox 803 3195 902 3260; x_wconf 86' lang='lat' dir='ltr'><strong>date’.</strong></span> 
     </span>
     <span class='ocr_line' id='line_1_30' title="bbox 220 3299 1365 3386; baseline -0.006 -13"><span class='ocrx_word' id='word_1_222' title='bbox 220 3325 270 3374; x_wconf 49' lang='grc' dir='ltr'><strong>13Ἰ</strong></span> <span class='ocrx_word' id='word_1_223' title='bbox 373 3303 517 3369; x_wconf 81' lang='lat' dir='ltr'><strong>Tandem</strong></span> <span class='ocrx_word' id='word_1_224' title='bbox 539 3300 581 3366; x_wconf 91' lang='lat' dir='ltr'><strong>ad</strong></span> <span class='ocrx_word' id='word_1_225' title='bbox 603 3300 721 3366; x_wconf 90' lang='lat' dir='ltr'><strong>flumen</strong></span> <span class='ocrx_word' id='word_1_226' title='bbox 743 3300 849 3366; x_wconf 87' lang='lat' dir='ltr'><strong>Oxum</strong></span> <span class='ocrx_word' id='word_1_227' title='bbox 871 3301 941 3384; x_wconf 90' lang='lat' dir='ltr'><strong>ipse</strong></span> <span class='ocrx_word' id='word_1_228' title='bbox 963 3301 1107 3386; x_wconf 84' lang='lat' dir='ltr'><strong>pervenit</strong></span> <span class='ocrx_word' id='word_1_229' title='bbox 1123 3300 1226 3385; x_wconf 91' lang='lat' dir='ltr'><strong>prima</strong></span> <span class='ocrx_word' id='word_1_230' title='bbox 1240 3299 1308 3366; x_wconf 91' lang='lat' dir='ltr'><strong>fere</strong></span> <span class='ocrx_word' id='word_1_231' title='bbox 1326 3303 1365 3374; x_wconf 82' lang='grc'><strong>21</strong></span> 
     </span>
     <span class='ocr_line' id='line_1_31' title="bbox 269 3406 1309 3496; baseline -0.008 -20"><span class='ocrx_word' id='word_1_232' title='bbox 269 3430 414 3496; x_wconf 81' lang='lat' dir='ltr'><strong>vespera,</strong></span> <span class='ocrx_word' id='word_1_233' title='bbox 444 3407 502 3473; x_wconf 90' lang='lat' dir='ltr'><strong>sed</strong></span> <span class='ocrx_word' id='word_1_234' title='bbox 532 3406 690 3472; x_wconf 84' lang='lat' dir='ltr'><strong>exereitus</strong></span> <span class='ocrx_word' id='word_1_235' title='bbox 720 3426 839 3488; x_wconf 90' lang='lat' dir='ltr'><strong>magna</strong></span> <span class='ocrx_word' id='word_1_236' title='bbox 868 3423 942 3489; x_wconf 91' lang='lat' dir='ltr'><strong>pars</strong></span> <span class='ocrx_word' id='word_1_237' title='bbox 973 3426 1036 3470; x_wconf 92' lang='lat' dir='ltr'><strong>non</strong></span> <span class='ocrx_word' id='word_1_238' title='bbox 1067 3411 1215 3490; x_wconf 91' lang='lat' dir='ltr'><strong>potuerat</strong></span> <span class='ocrx_word' id='word_1_239' title='bbox 1238 3424 1309 3469; x_wconf 95' lang='lat' dir='ltr'><strong>con-</strong></span> 
     </span>
     <span class='ocr_line' id='line_1_32' title="bbox 271 3497 1308 3598; baseline -0.007 -17"><span class='ocrx_word' id='word_1_240' title='bbox 271 3497 449 3598; x_wconf 69' lang='grc'><strong>6611111111</strong></span> <span class='ocrx_word' id='word_1_241' title='bbox 472 3513 558 3578; x_wconf 90' lang='lat' dir='ltr'><strong>edito</strong></span> <span class='ocrx_word' id='word_1_242' title='bbox 581 3517 687 3576; x_wconf 91' lang='lat' dir='ltr'><strong>monte</strong></span> <span class='ocrx_word' id='word_1_243' title='bbox 710 3510 803 3594; x_wconf 89' lang='lat' dir='ltr'><strong>ignes</strong></span> <span class='ocrx_word' id='word_1_244' title='bbox 826 3508 914 3575; x_wconf 93' lang='lat' dir='ltr'><strong>iubet</strong></span> <span class='ocrx_word' id='word_1_245' title='bbox 936 3509 1013 3590; x_wconf 88' lang='lat' dir='ltr'><strong>fieri,</strong></span> <span class='ocrx_word' id='word_1_246' title='bbox 1038 3516 1072 3574; x_wconf 90' lang='lat' dir='ltr'><strong>ut</strong></span> <span class='ocrx_word' id='word_1_247' title='bbox 1087 3510 1118 3590; x_wconf 91' lang='lat' dir='ltr'><strong>ii,</strong></span> <span class='ocrx_word' id='word_1_248' title='bbox 1143 3509 1196 3593; x_wconf 91' lang='lat' dir='ltr'><strong>qui</strong></span> <span class='ocrx_word' id='word_1_249' title='bbox 1211 3530 1308 3593; x_wconf 89' lang='lat' dir='ltr'><strong>aegre</strong></span> 
     </span>
     <span class='ocr_line' id='line_1_33' title="bbox 272 3613 1309 3702; baseline -0.007 -16"><span class='ocrx_word' id='word_1_250' title='bbox 272 3619 495 3702; x_wconf 90' lang='lat' dir='ltr'><strong>sequebantur,</strong></span> <span class='ocrx_word' id='word_1_251' title='bbox 527 3615 613 3680; x_wconf 94' lang='lat' dir='ltr'><strong>haud</strong></span> <span class='ocrx_word' id='word_1_252' title='bbox 642 3615 756 3700; x_wconf 89' lang='lat' dir='ltr'><strong>procul</strong></span> <span class='ocrx_word' id='word_1_253' title='bbox 786 3613 898 3679; x_wconf 87' lang='lat' dir='ltr'><strong>eastris</strong></span> <span class='ocrx_word' id='word_1_254' title='bbox 928 3615 1017 3698; x_wconf 90' lang='lat' dir='ltr'><strong>ipsos</strong></span> <span class='ocrx_word' id='word_1_255' title='bbox 1048 3615 1163 3680; x_wconf 90' lang='lat' dir='ltr'><strong>abesse</strong></span> <span class='ocrx_word' id='word_1_256' title='bbox 1193 3634 1309 3698; x_wconf 87' lang='lat' dir='ltr'><strong>eogno-</strong></span> 
     </span>
     <span class='ocr_line' id='line_1_34' title="bbox 222 3717 1308 3803; baseline -0.006 -14"><span class='ocrx_word' id='word_1_257' title='bbox 222 3725 253 3789; x_wconf 78' lang='grc'><strong>14</strong></span> <span class='ocrx_word' id='word_1_258' title='bbox 272 3729 406 3803; x_wconf 88' lang='grc'><strong>66616111,</strong></span> <span class='ocrx_word' id='word_1_259' title='bbox 419 3741 474 3786; x_wconf 89' lang='grc'><strong>666</strong></span> <span class='ocrx_word' id='word_1_260' title='bbox 496 3727 611 3801; x_wconf 90' lang='lat' dir='ltr'><strong>autem,</strong></span> <span class='ocrx_word' id='word_1_261' title='bbox 636 3718 691 3802; x_wconf 94' lang='lat' dir='ltr'><strong>qui</strong></span> <span class='ocrx_word' id='word_1_262' title='bbox 710 3718 803 3802; x_wconf 91' lang='lat' dir='ltr'><strong>primi</strong></span> <span class='ocrx_word' id='word_1_263' title='bbox 819 3717 958 3800; x_wconf 89' lang='lat' dir='ltr'><strong>agminis</strong></span> <span class='ocrx_word' id='word_1_264' title='bbox 982 3725 1082 3797; x_wconf 91' lang='lat' dir='ltr'><strong>erant,</strong></span> <span class='ocrx_word' id='word_1_265' title='bbox 1099 3725 1221 3783; x_wconf 89' lang='lat' dir='ltr'><strong>mature</strong></span> <span class='ocrx_word' id='word_1_266' title='bbox 1237 3717 1308 3782; x_wconf 94' lang='lat' dir='ltr'><strong>cibo</strong></span> 
     </span>
     <span class='ocr_line' id='line_1_35' title="bbox 271 3821 1307 3913; baseline -0.005 -20"><span class='ocrx_word' id='word_1_267' title='bbox 271 3848 309 3893; x_wconf 91' lang='lat' dir='ltr'><strong>ac</strong></span> <span class='ocrx_word' id='word_1_268' title='bbox 344 3825 474 3913; x_wconf 91' lang='lat' dir='ltr'><strong>potione</strong></span> <span class='ocrx_word' id='word_1_269' title='bbox 508 3823 649 3888; x_wconf 88' lang='lat' dir='ltr'><strong>firmatos</strong></span> <span class='ocrx_word' id='word_1_270' title='bbox 687 3823 820 3908; x_wconf 88' lang='lat' dir='ltr'><strong>implere</strong></span> <span class='ocrx_word' id='word_1_271' title='bbox 854 3821 933 3888; x_wconf 90' lang='lat' dir='ltr'><strong>alios</strong></span> <span class='ocrx_word' id='word_1_272' title='bbox 968 3829 1062 3904; x_wconf 86' lang='lat' dir='ltr'><strong>utres,</strong></span> <span class='ocrx_word' id='word_1_273' title='bbox 1102 3821 1183 3887; x_wconf 89' lang='lat' dir='ltr'><strong>alios</strong></span> <span class='ocrx_word' id='word_1_274' title='bbox 1220 3841 1307 3904; x_wconf 88' lang='lat' dir='ltr'><strong>vasa,</strong></span> 
     </span>
    </p>
   </div>
   <div class='ocr_carea' id='block_1_3' title="bbox 0 0 1505 4322">
    <p class='ocr_par' dir='ltr' id='par_1_3' title="bbox 0 0 1505 4322">
     <span class='ocr_line' id='line_1_36' title="bbox 0 0 1505 4322; baseline 0 0"><span class='ocrx_word' id='word_1_275' title='bbox 0 0 1505 4322; x_wconf 95' lang='lat' dir='ltr'><strong> </strong></span> 
     </span>
    </p>
   </div>
  </div>
 </body>
</html>
