2976 4322
378 231 628 288 HISTORIARUM
645 233 859 288 ALEXANDRI
878 234 929 287 VII
947 237 972 288 7.
1135 233 1195 297 189

159 438 320 522 Europam
342 459 431 502 arma
453 437 651 522 proferimus.
691 439 731 504 Et
754 439 862 522 quanti
885 438 1116 504 aestimandum
1139 445 1196 518 est,
1217 450 1250 500 14
1328 515 1330 519 Ι

159 541 234 606 dum
250 541 360 607 Asiam
382 542 566 626 subigimus,
590 543 623 608 in
646 544 708 608 alio
725 543 958 628 quodammodo
975 543 1051 609 orbe
1066 551 1199 628 tropaea

160 654 298 711 statuere
329 653 369 728 et,
402 667 483 730 quae
513 655 579 712 tam
609 649 706 732 longo
735 648 902 713 intervallo
932 654 1046 712 natura
1074 645 1200 711 videtur

160 749 333 832 diremisse,
361 771 424 815 una
446 751 580 817 victoria
603 753 706 818 subito
730 752 951 817 committere?
995 751 1038 816 At
1060 750 1198 831 hercule,
1220 764 1251 812 15

160 855 186 919 si
209 854 339 938 paulum
362 857 600 938 cessaverimus,
625 857 657 920 in
679 857 778 940 tergis
793 856 908 922 nostris
926 855 1068 940 Scythae
1091 855 1201 920 haere-

159 959 245 1023 bunt.
293 958 343 1023 An
366 959 425 1024 soli
447 980 562 1041 sumus,
592 960 645 1043 qui
668 959 798 1026 flumina
818 968 984 1026 transnare
1007 959 1199 1044 possumus?

160 1061 260 1128 Multa
289 1063 321 1127 in
351 1064 562 1149 nosmetipsos
593 1065 743 1146 recident,
776 1065 888 1147 quibus
919 1064 1025 1130 adhuc
1055 1064 1197 1130 vicimus.

161 1169 299 1233 Fortuna
320 1168 395 1233 belli
418 1177 518 1233 artem
533 1169 634 1234 victos
650 1191 774 1253 qnoque
790 1168 892 1234 docet.
928 1169 1058 1234 Utribus
1073 1189 1199 1233 amnem
1219 1179 1250 1229 16

160 1271 325 1337 traiciendi
355 1274 536 1358 exemplum
566 1273 699 1339 fecimus
732 1295 850 1358 nuper:
870 1273 956 1354 boo,
991 1279 1026 1337 ut
1057 1271 1198 1356 Scythae

160 1377 274 1442 imitari
307 1377 460 1458 nesciant,
495 1377 656 1443 Bactriani
690 1377 858 1444 docebunt.
915 1378 1086 1442 Praeterea
1119 1395 1199 1441 unus
1220 1386 1252 1438 11

160 1482 265 1564 gentis
288 1480 380 1548 huius
410 1483 568 1548 exercitus
598 1482 703 1547 adhuc
733 1483 828 1563 venit,
862 1483 958 1547 ceteri
982 1487 1198 1566 expectantur.

161 1588 211 1652 Ι11
232 1587 351 1653 bellum
381 1586 511 1652 vitando
542 1587 662 1652 alemus
693 1594 733 1667 11,
766 1585 851 1669 quod
880 1585 997 1650 inferre
1023 1604 1200 1670 possumus,

161 1691 307 1775 accipere
330 1711 490 1774 cogemur.
527 1689 698 1756 Manifesta
721 1697 769 1755 111
792 1689 915 1756 consilii
930 1689 992 1754 mei
1007 1689 1097 1753 ratio.
1135 1687 1200 1753 Sed
1220 1699 1252 1750 18

161 1817 202 1860 an
217 1795 400 1880 permissuri
416 1795 478 1860 sint
492 1793 570 1858 mihi
586 1794 779 1860 Macedones
796 1794 900 1859 animo
916 1794 962 1858 nti
976 1814 1057 1874 meo,
1082 1792 1200 1873 dubito,

163 1900 245 1982 qnia,
277 1921 317 1964 ex
341 1920 402 1982 quo
424 1900 486 1964 hoo
509 1901 623 1964 vulnus
646 1899 766 1984 accepi,
797 1920 861 1964 non
884 1919 965 1981 equo
988 1905 1098 1962 vectus
1122 1917 1199 1977 snm,

162 2026 225 2070 non
248 2004 383 2088 pedibus
406 2005 577 2088 ingressus.
625 2003 690 2069 Sed
713 2004 739 2068 si
769 2025 820 2068 me
851 2003 940 2086 sequi
963 2002 1067 2082 vultis,
1098 2003 1200 2082 valeo,
1222 2020 1254 2070 19

163 2109 265 2175 amici.
285 2109 369 2174 Satis
385 2109 498 2174 virium
514 2115 562 2174 est
577 2108 619 2173 ad
634 2108 800 2173 toleranda
814 2108 893 2174 ista:
911 2114 973 2188 aut,
991 2107 1017 2172 si
1032 2105 1095 2172 iam
1111 2105 1203 2170 adest

162 2215 248 2279 vitae
271 2234 362 2278 meae
384 2213 463 2294 finis,
480 2213 512 2277 in
532 2234 594 2296 quo
610 2212 740 2278 tandem
756 2233 852 2297 opere
868 2212 980 2277 melius
996 2211 1165 2294 extinguar
1172 2209 1201 2273 ‘?'

58 2331 61 2342 “
109 2311 152 2382 31
268 2318 358 2383 Η111
392 2337 509 2400 quassa
541 2317 647 2382 adhuc
680 2339 759 2382 voce
794 2316 1013 2396 subdeficiens,
1046 2315 1100 2380 vix
1134 2336 1203 2400 pro·
1222 2333 1257 2382 20

162 2423 255 2488 ximis
290 2421 542 2502 exaudientibus,
569 2421 702 2503 dixerat,
734 2443 806 2486 cum
835 2440 944 2486 omnes
974 2442 995 2485 a
1023 2427 1089 2485 tam
1115 2441 1205 2504 prae-

164 2527 250 2614 cipiti
289 2527 419 2594 oonsilio
464 2549 574 2610 regem
620 2526 780 2592 deterrere
826 2533 1006 2610 coeperunt,
1053 2525 1204 2608 Erigyius
1222 2540 1253 2589 21

163 2633 309 2713 maxime,
342 2631 403 2715 qui,
431 2631 519 2696 haud
542 2652 618 2697 sane
642 2632 829 2697 auctoritate
852 2623 1019 2716 proficiens
1043 2629 1129 2715 apud
1152 2631 1204 2695 ob·

164 2737 313 2802 stinatum
336 2737 483 2817 animum,
508 2736 771 2821 superstitionem,
803 2735 891 2801 ouius
915 2741 1027 2820 potens
1050 2756 1113 2799 non
1136 2742 1204 2799 erat

163 2862 230 2922 rex,
264 2841 405 2906 incutere
435 2840 603 2926 temptavit
633 2839 768 2906 dicendo
814 2839 891 2904 deos
922 2859 1047 2922 quoque
1077 2839 1203 2903 obstare

165 2944 307 3026 consilio,
334 2965 549 3028 magnumque
587 2945 770 3029 periculum,
810 2943 836 3008 si
874 2940 991 3007 flumen
1028 2942 1202 3024 transisset,

165 3048 298 3114 ostendi.
344 3048 478 3112 Intranti
501 3047 633 3132 Erigyio
655 3048 894 3113 tabernaculum
916 3046 1002 3130 regis
1017 3045 1204 3111 Aristander
1222 3060 1256 3108 22

165 3160 354 3232 occurrerat,
386 3152 488 3217 tristia
511 3159 586 3217 exta
608 3151 707 3217 fuisse
731 3151 930 3235 significans:
961 3150 1043 3216 haee
1067 3171 1108 3216 ex
1130 3158 1204 3216 vate

165 3263 328 3343 comperta
358 3256 508 3340 Erigyius
531 3256 706 3321 nuntiabat.
754 3255 824 3333 Quo
847 3253 980 3320 inhibito
1011 3254 1258 3343 Alexander,23

164 3382 228 3425 non
250 3361 298 3425 ira
320 3359 431 3440 solum,
463 3360 521 3425 sed
544 3360 639 3425 etiam
661 3359 783 3447 pudore
808 3359 967 3440 confusus,
992 3358 1078 3441 quod
1100 3379 1206 3444 super-

165 3464 260 3545 stitio,
291 3485 388 3547 quam
411 3465 579 3544 celaverat,
612 3462 830 3546 detegebatur,
855 3462 1076 3528 Aristandrum
1099 3463 1207 3528 vocari
1232 3481 1233 3486 ¹

164 3569 260 3633 iubet.
314 3567 377 3645 Qui
406 3576 440 3632 ut
470 3567 566 3648 venit,
598 3567 723 3632 intuens
754 3588 835 3648 enm,
863 3567 949 3631 ‘Non
980 3569 1064 3648 rex',
1094 3567 1205 3649 inquit,
1225 3579 1259 3628 24

161 3671 232 3737 ‘sed
255 3672 406 3757 privatus,
438 3670 627 3737 sacrificium
656 3679 691 3735 ut
714 3671 849 3752 faceres,
872 3670 1040 3736 mandavi:
1065 3670 1140 3754 quid
1167 3692 1205 3736 eo

164 3776 413 3861 portenderetur,
438 3796 493 3840 our
516 3774 601 3860 apud
624 3774 721 3840 alium
745 3795 839 3857 quam
861 3774 948 3859 apud
970 3795 1020 3840 me
1043 3775 1205 3859 professus

165 3881 225 3945 es?
270 3878 421 3964 Erigyius
451 3899 569 3945 arcana
598 3899 671 3944 mea
697 3885 729 3944 et
758 3884 882 3962 secreta
910 3885 942 3943 te
973 3878 1126 3964 prodente
1157 3897 1207 3942 oo·
