2976 4322
348 215 600 272 HISTORIARUM
618 214 835 306 ALIIXANDRI
852 213 918 267 VIII
936 213 960 264 2.
979 212 1004 265 3.
1140 212 1200 275 211

166 423 280 488 indolis
310 443 410 488 rarae.
456 423 489 488 Is
516 421 616 507 pedes
640 459 678 468 —
702 419 888 486 incredibile
918 417 1005 483 dictu
1028 427 1069 464 -‘-
1092 438 1149 502 per
1178 427 1255 481 Dae

167 525 271 592 stadia
292 533 420 592 vectum
441 546 551 609 regem
574 524 741 590 comitatus
764 531 822 605 est,
854 543 951 608 saepe
975 543 1090 605 equum
1112 541 1203 587 suum

167 630 317 696 offerente
332 630 534 714 Lysimacho,
558 649 618 694 nec
641 635 758 710 tamen,
782 635 817 692 ut
832 626 1051 710 digrederetur
1073 647 1093 691 a
1115 645 1201 708 rege,

166 734 248 800 effici
270 735 381 820 potuit,
413 755 484 799 cum
506 734 606 799 lorica
635 732 763 798 indutus
794 751 883 798 arma
904 737 1054 814 gestaret.
1101 729 1201 811 Idem,
1222 743 1255 792 37

166 859 236 904 cum
258 845 446 924 perventum
468 845 553 904 esset
582 838 615 903 in
646 839 768 917 saltum,
799 837 832 900 in
856 856 918 919 quo
941 855 977 900 se
1002 823 1128 900 barbari
1151 835 1204 900 ab·

166 943 321 1022 diderant‚
355 943 493 1008 nobilem
524 941 625 1008 edidit
655 961 796 1028 pugnam
825 960 997 1023 regemque
1027 939 1203 1005 comminus

88 1131 90 1135 ι
166 1067 236 1112 cum
258 1045 352 1112 hoste
375 1045 579 1111 dimicantem
602 1045 748 1130 protexit.
796 1043 861 1110 Sed
884 1051 1053 1129 postquam
1076 1043 1203 1109 barbari
1222 1055 1255 1106 38

165 1151 197 1215 in
220 1150 330 1234 fugam
353 1149 445 1216 effusi
469 1149 637 1215 deseruere
660 1149 766 1229 silvas,
794 1149 926 1228 animus,
959 1148 1011 1230 qui
1034 1147 1066 1211 in
1089 1147 1203 1212 ardore

164 1275 290 1340 pugnae
306 1274 421 1340 corpus
438 1260 678 1335 sustentaverat,
703 1253 801 1336 liquit,
819 1251 985 1334 subitoque
1001 1273 1042 1316 ex
1058 1253 1203 1320 omnibus

164 1361 312 1426 membris
335 1359 467 1444 profuso
490 1357 605 1424 sudore
636 1358 758 1423 arboris
781 1357 945 1443 proximae
969 1356 1069 1441 stipiti
1092 1376 1127 1421 se
1150 1377 1204 1441 ap-

163 1464 280 1548 plicuit.
326 1463 461 1545 Deinde,
493 1484 533 1528 ne
562 1463 617 1528 illo
641 1462 768 1545 quidem
801 1461 993 1526 adminiculo
1017 1461 1201 1541 sustinente,
1222 1474 1255 1525 39

163 1568 308 1633 manibus
337 1567 423 1650 regis
454 1573 609 1652 exceptus
639 1573 704 1632 est:
743 1566 825 1631 inter
855 1585 935 1648 quas
966 1563 1127 1650 collapsus
1151 1585 1203 1629 ex-

163 1671 326 1754 tinguitur.
370 1671 527 1736 Maestum
541 1691 651 1753 regem
667 1671 747 1735 alius
763 1670 850 1734 haud
864 1670 944 1734 levis
960 1670 1051 1734 dolor
1066 1669 1201 1753 excepit.
1221 1685 1257 1735 40

163 1775 313 1860 Erigyius
350 1775 432 1840 inter
470 1776 573 1840 claros
608 1774 705 1840 duces
739 1773 859 1838 fuerat:
897 1795 991 1856 quem
1029 1773 1203 1838 extinctum

163 1899 243 1960 esse,
267 1881 363 1965 paulo
387 1887 460 1944 ante
491 1900 585 1961 quam
606 1884 817 1944 reverteretur
839 1878 872 1942 in
895 1884 1009 1959 castra,
1042 1877 1200 1960 cognovit.

163 1982 335 2066 Utriusque
365 1983 459 2049 sunus
490 1983 575 2048 omni
605 1989 761 2069 apparatu
791 1989 886 2065 atque
916 1983 1036 2047 honore
1064 1981 1203 2046 celebra-

161 2094 228 2152 tum
250 2094 308 2154 est.

619 2192 683 2246 Gar.
702 2192 750 2246 III.

108 2304 145 2374 11
269 2295 380 2362 Dahas
404 2295 519 2361 deinde
543 2302 697 2361 statuerat
718 2302 843 2381 petere:
870 2295 917 2360 ibi
938 2314 1075 2377 namque
1098 2293 1233 2380 Spita-1

160 2421 275 2466 menen
299 2421 369 2466 esse
393 2407 596 2483 cognoverat.
633 2398 698 2465 Sed
713 2400 796 2464 hano
813 2419 939 2482 quoque
955 2398 1200 2485 expeditionem,

160 2511 195 2568 nt
218 2505 370 2590 pleraque
396 2504 468 2585 alia,
499 2503 635 2584 fortuna,
665 2503 861 2585 indulgendo
885 2503 914 2568 ei
937 2523 1109 2586 numquam
1131 2502 1202 2568 fati-

159 2615 246 2691 gata,
270 2629 327 2693 pro
343 2608 475 2674 absente
490 2608 653 2691 transegit.
693 2607 893 2693 Spitamenes
908 2607 1016 2672 uxoris
1030 2607 1200 2673 immodico
1219 2623 1235 2674 2

159 2733 269 2777 amore
295 2711 469 2795 flagrabat:
501 2733 604 2794 quam,
636 2731 733 2794 aegre
756 2711 866 2794 fugam
890 2719 925 2776 et·
950 2732 1036 2778 nova
1065 2711 1200 2776 subinde

159 2816 258 2881 exilia
279 2818 474 2897 tolerantem,
505 2816 538 2880 in
561 2836 654 2881 omne
678 2813 847 2880 discrimen
874 2816 1021 2880 comitem
1043 2816 1199 2881 trahebat.

159 2920 230 3004 Illa,
259 2920 351 2985 malis
373 2919 518 3002 fatigata,
550 2919 726 2984 identidem
748 2918 909 2984 muliebris
936 2919 1091 2984 adhibere
1115 2919 1202 2984 blan·
1313 2905 1314 2908 ¹

160 3023 265 3104 ditias,
297 3031 331 3088 ut
360 3022 490 3088 tandem
521 3022 631 3106 fugam
661 3023 786 3088 sisteret
808 3022 1002 3105 victorisque
1025 3022 1201 3088 Alexandri

159 3127 363 3192 clementiam
386 3133 536 3211 expertus
567 3128 717 3211 placaret,
750 3146 843 3209 quem
873 3126 1014 3210 effugere
1044 3149 1107 3193 non
1131 3148 1202 3213 pos-

159 3238 218 3296 set.
264 3231 342 3296 Tres
370 3231 470 3296 adulti
500 3238 590 3296 erant
612 3231 711 3313 liberi,
744 3252 784 3296 ex
814 3252 852 3296 eo
876 3232 992 3314 geniti:
1024 3252 1102 3315 quos
1129 3249 1235 3300 cums

160 3335 284 3419 pectori
317 3334 418 3418 patris
451 3334 653 3416 admovisset,
692 3343 727 3400 ut
764 3337 876 3400 saltem
914 3357 1022 3401 eorum
1059 3336 1201 3401 misereri

158 3439 266 3519 vellet,
291 3440 419 3504 orabat:
451 3445 491 3519 et,
524 3459 586 3521 quo
613 3439 809 3505 efficaciores
840 3447 946 3505 essent
969 3460 1090 3524 preces,
1115 3440 1201 3504 haud

158 3544 273 3628 procul
295 3550 363 3608 erat
386 3543 577 3608 Alexander.
621 3545 679 3609 Ille
702 3564 737 3608 se
759 3544 861 3629 prodi,
884 3566 948 3610 non
970 3545 1091 3609 moneri
1113 3552 1200 3610 ratus
1219 3561 1235 3609 4

70 3659 78 3676 '
158 3654 193 3712 et
222 3647 343 3712 formae
374 3648 517 3731 profecto
547 3647 663 3713 fiducia
693 3670 809 3734 cupere
840 3671 910 3714 eam
941 3671 1035 3732 quam
1065 3650 1200 3734 primum

159 3750 237 3816 dedi
259 3750 452 3833 Alexandro,
476 3751 640 3817 acinacem
663 3753 796 3833 strinxit,
829 3773 1034 3837 percussurus
1057 3775 1197 3835 uxorem,

157 3855 221 3921 nisi
255 3855 432 3941 prohibitus
466 3863 550 3922 esset
587 3855 719 3922 fratrum
753 3857 820 3922 eius
855 3878 995 3922 occursu.
1054 3857 1234 3922 Ceterums

1046 3979 1094 4031 14*
