2976 4322
373 188 624 281 ursroamnuu
641 225 857 280 nnuxlunm
874 227 926 280 vu
944 229 968 281 s.
989 230 1012 280 a
1151 227 1213 291 195

175 431 318 516 Scythae
342 431 486 499 admotos
503 433 630 498 ordines
646 434 786 516 equitum
801 433 833 498 in
849 433 949 518 primo
964 433 1054 518 ripae
1069 433 1213 517 margine

174 544 346 622 opponunt,
377 545 474 603 utne
498 539 652 623 applicari
683 538 810 621 quidem
839 545 942 603 terrae
965 545 1050 604 rates
1073 545 1211 622 possent.

123 720 125 723 Ι
175 641 332 723 Ceterum,
352 649 479 726 praeter
507 641 592 707 hano
616 640 756 728 speciem
785 642 862 727 ripis
892 641 1103 726 praesidentis
1126 651 1248 706 exer-6

174 745 264 826 citus,
277 746 391 829 ingens
414 747 603 830 navigantes
619 753 721 812 terror
735 747 912 812 invaserat:
936 767 1072 828 namque
1088 767 1214 811 cursum

174 849 411 932 gubernatores,
437 871 509 914 oum
532 851 660 932 obliquo
684 848 812 914 flumine
835 851 1080 934 impellerentur,
1100 871 1213 933 regere

174 975 237 1018 non
260 961 414 1038 poterant,
439 955 689 1037 vacillantesque
712 954 827 1019 milites
851 961 891 1035 et,
918 976 958 1019 ne
983 961 1212 1035 excuterentur,

175 1057 299 1122 solliciti
322 1064 489 1122 nautarum
504 1059 678 1124 ministeria
692 1057 906 1124 turbaverant.
941 1059 991 1122 Ne
1006 1059 1073 1122 tela
1087 1057 1214 1140 quidem
1232 1068 1248 1120 7

175 1162 279 1226 conati
301 1163 372 1228 nisu
394 1162 519 1228 vibrare
542 1170 696 1248 poterant,
722 1183 793 1227 eum
815 1163 901 1247 prior
924 1162 1029 1228 standi
1052 1163 1119 1228 sine
1134 1162 1215 1247 peri-

175 1267 245 1330 culo
280 1287 374 1347 quam
407 1266 532 1332 hostem
568 1266 749 1333 incessendi
783 1282 859 1331 cura
892 1273 986 1332 esset.
1043 1267 1214 1331 Tormenta

175 1369 267 1435 saluti
290 1369 433 1435 fuerunt:
451 1372 563 1453 quibus
578 1372 611 1436 in
627 1371 787 1436 confertos
803 1393 841 1436 ac
857 1379 976 1436 temere
993 1391 1027 1437 se
1043 1370 1213 1436 offerentes

175 1474 261 1539 haud
283 1474 400 1540 frustra
423 1496 558 1541 excussa
581 1484 653 1542 sunt
675 1478 749 1541 tela.
795 1475 928 1540 Barbari
951 1495 1075 1558 quoque
1105 1475 1250 1557 ingen-8

174 1586 239 1643 tem
261 1578 326 1644 vim
349 1579 536 1662 sagittarum
558 1580 703 1646 infudere
734 1580 863 1661 ratibus
894 1580 1011 1662 vixque
1034 1580 1132 1643 ullum
1155 1578 1215 1642 fuit

176 1679 307 1764 scutum,
340 1683 425 1765 quod
446 1705 510 1749 non
540 1685 682 1770 pluribus
713 1685 805 1750 simul
835 1685 963 1769 spiculis
990 1683 1212 1768 perforaretur.

120 1777 310 1869 371amque
333 1795 436 1853 terrae
466 1796 550 1854 rates
577 1790 828 1874 applicabantur,
861 1811 932 1854 oum
962 1789 1048 1854 acies
1078 1787 1250 1873 clipeata9

114 1907 120 1919 ·
177 1893 339 1976 consurgit
363 1900 394 1958 et
417 1892 525 1958 hastas
549 1901 635 1958 certo
658 1895 732 1974 ictu,
763 1901 872 1978 utpote
895 1894 995 1958 libero
1018 1894 1097 1974 nisu,
1121 1893 1215 1956 mittit

177 1997 347 2062 cratibus
394 1998 434 2062 Et
464 2005 498 2063 ut
527 1999 652 2064 territos
685 1999 937 2084 recipientesque
968 2017 1066 2080 equos
1095 1996 1214 2077 videre,

177 2101 299 2165 alacres
322 2108 431 2166 mutua
453 2101 673 2168 adhortatione
696 2104 728 2167 in
751 2111 868 2167 terram
891 2102 1055 2182 desiluere,
1082 2101 1215 2166 turbatis
1237 2107 1269 2158 10

177 2205 291 2269 acriter
313 2204 428 2290 pedem
443 2206 559 2272 inferre
579 2215 759 2292 coeperunt.
791 2207 938 2289 Equitum
954 2205 1069 2271 deinde
1084 2213 1216 2286 turmae,

178 2329 260 2391 quae
290 2308 431 2375 frenatos
462 2311 624 2376 habebant
654 2332 761 2394 equos,
796 2311 980 2396 perfregere
1010 2309 1217 2376 barbarorum

178 2413 296 2476 aciem:
320 2413 445 2478 interim
468 2416 575 2497 ceteri,
588 2416 715 2498 agmine
728 2414 945 2480 dimicantium
962 2415 1049 2496 tecti,
1065 2421 1216 2498 aptavere

178 2537 212 2582 se
235 2538 372 2602 pugnae.
419 2521 493 2603 Ipse
516 2541 582 2602 rex,
608 2519 692 2602 quod
715 2520 834 2603 vigoris
857 2541 954 2602 aegro
971 2519 1076 2584 adhuc
1093 2519 1216 2602 corpori
1238 2527 1267 2575 11

178 2621 296 2702 deerat,
321 2623 417 2687 animi
440 2623 586 2689 firmitate
610 2624 786 2710 supplebat.
840 2624 911 2688 Vox
934 2623 1131 2688 adhortantis
1154 2644 1217 2688 non

177 2733 301 2810 poterat
325 2727 437 2809 audiri,
460 2729 600 2794 nondum
618 2731 701 2795 bene
732 2729 871 2794 obducta
902 2729 1049 2792 cicatrice
1074 2728 1215 2807 cervicis,

178 2829 235 2894 sed
259 2829 462 2897 dimicantem
486 2835 590 2898 cuncti
612 2834 774 2900 videbant.
811 2835 923 2916 Itaque
946 2852 1004 2917 pro
1027 2852 1061 2896 se
1085 2832 1216 2914 quisque
1238 2838 1269 2886 12

179 2932 294 2998 dueum
317 2934 533 3019 fungebantur
556 2935 670 3019 officio,
702 2939 844 3019 aliusque
876 2937 972 3001 alium
1002 2935 1163 3000 adhortati
1185 2936 1217 2998 in

179 3037 312 3119 hostem,
333 3041 443 3105 salutis
465 3041 675 3124 immemores,
695 3063 786 3107 ruere
810 3047 990 3125 coeperunt.
1036 3040 1117 3104 'lium
1139 3061 1216 3104 vero
1238 3045 1269 3095 13

178 3161 242 3205 non
265 3163 329 3224 ora,
353 3165 416 3208 non
439 3167 536 3227 arma,
560 3168 624 3211 non
648 3148 818 3211 clamorem
840 3145 978 3210 hostium
999 3143 1127 3208 barbari
1142 3145 1218 3208 tole-

177 3265 249 3310 rare
282 3253 452 3331 potuerunt
489 3271 660 3333 omnesque
698 3249 805 3315 effirsis
839 3248 972 3313 habenis
1007 3285 1047 3294 —
1081 3269 1217 3329 namque

180 3350 334 3430 equestris
368 3352 454 3418 acies
488 3361 556 3419 erat
587 3391 627 3400 —
658 3360 829 3438 capessunt
861 3352 981 3436 fugam.
1030 3352 1116 3429 Quos
1150 3373 1216 3433 rex,

179 3473 369 3535 quamquam
391 3457 593 3523 vexationem
614 3457 747 3523 invalidi
770 3457 909 3541 corporis
924 3457 991 3541 pati
1005 3477 1069 3520 non
1083 3461 1216 3540 poterat,

179 3583 237 3646 per
266 3572 366 3625 LXXX
393 3569 500 3626 tamen
530 3561 634 3627 stadia
662 3561 785 3642 insequi
814 3560 1040 3644 perseveravit.
1086 3560 1217 3640 Iamque
1238 3565 1270 3614 14

179 3667 340 3749 linquente
364 3666 469 3730 animo
500 3666 564 3730 suis
594 3665 766 3750 praecepit,
797 3671 840 3744 ut,
872 3662 974 3728 donec
997 3663 1076 3728 lueis
1099 3662 1218 3744 aliquid

180 3777 370 3856 superesset,
394 3769 584 3853 fugientium
606 3769 705 3852 tergis
727 3768 947 3833 inhaererent:
971 3768 1039 3852 ipse
1056 3766 1218 3832 exhaustis

179 3873 275 3938 etiam
297 3872 398 3938 animi.
416 3872 535 3938 viribus
558 3879 663 3938 castra
684 3871 810 3956 repetiit
832 3871 1046 3956 reliquumque
1070 3871 1138 3934 diei
1163 3893 1216 3932 ac·

1064 3992 1112 4044 13*
