2976 4322
269 156 329 220 182
658 157 688 224 o.
708 156 815 210 cuam
835 156 922 211 aum

214 373 248 426 24
267 383 323 430 eos
353 363 449 428 iubet.
496 361 548 426 Illi
578 361 724 428 manibus
754 382 812 428 sua
845 370 958 448 sponte
987 364 1132 447 religatis
1160 387 1180 429 a
1209 366 1303 449 parti·

267 467 389 552 cipibus
420 465 543 532 consilii
572 466 795 532 trahebantur:
831 489 910 551 quos
947 469 1064 534 Bessus
1098 470 1178 534 truci
1214 471 1303 536 vultu

265 571 391 637 intuens
426 571 598 654 consurgit,
622 572 769 638 manibus
802 593 866 638 non
898 579 1139 657 temperaturus.
1197 574 1302 657 Atque

266 676 316 742 illi
349 675 550 741 simulatione
584 675 701 741 omissa
735 676 968 742 circumsistunt
1005 697 1078 742 eum
1116 685 1148 744 et
1184 677 1303 744 frustra

266 787 499 866 repugnantem
528 779 681 862 vinciunt,
701 780 832 866 derepto
864 801 904 846 ex
935 781 1039 866 eapite
1069 782 1160 866 regni
1185 782 1304 866 insigni

267 884 468 978 lacerataque
491 891 589 965 veste,
622 904 716 966 quam
739 906 757 949 e
780 885 892 969 spoliis
915 885 1011 950 occisi
1034 887 1120 968 regis
1143 886 1299 951 induerat.

215 997 248 1047 25
269 989 339 1070 Ille,
362 987 440 1053 deos
464 989 512 1054 sui
536 987 668 1053 sceleris
697 989 816 1054 ultores
846 987 960 1054 adesse
991 990 1167 1072 confessus,
1187 989 1305 1055 adiecit

267 1115 331 1158 non
353 1094 461 1158 Dareo
484 1089 610 1175 iniquos
640 1091 747 1174 fuisse,
780 1113 873 1176 quem
903 1094 948 1158 sic
979 1094 1215 1175 ulciscerentur,
1247 1093 1305 1159 sed

268 1197 451 1262 Alexandro
474 1197 629 1282 propitios
652 1217 732 1279 esse,
763 1197 853 1262 cuius
875 1197 1040 1262 victoriam
1063 1219 1187 1284 semper
1210 1198 1305 1264 etiam

166 1323 174 1342 ·
216 1315 250 1366 26
268 1300 378 1367 hostes
411 1300 614 1366 adiuvissent.
667 1301 833 1367 Multitudo
867 1323 909 1366 an
942 1303 1140 1368 vindicatura
1173 1304 1306 1368 Bessum

268 1406 371 1486 fuerit,
406 1406 560 1471 incertum
583 1410 640 1487 est,
667 1406 728 1470 nisi
747 1407 800 1487 illi,
825 1406 878 1488 qui
900 1407 1077 1488 vinxerant,
1101 1407 1189 1472 iussu
1211 1406 1306 1472 Alex-

268 1510 360 1575 andri
393 1509 509 1575 fecisse
539 1510 626 1594 ipsos
661 1511 803 1575 ementiti
844 1510 957 1576 dubios
985 1510 1091 1575 adhuc
1122 1511 1218 1576 animi
1248 1517 1307 1576 ter-

268 1615 414 1680 ruissent.
438 1615 477 1678 In
492 1635 607 1696 equum
622 1615 802 1699 impositum
818 1615 1001 1680 Alexandro
1016 1615 1161 1680 tradituri
1177 1615 1304 1680 ducunt.

217 1730 249 1780 27
372 1719 459 1784 Inter
481 1717 560 1783 haec
583 1739 649 1800 rex,
674 1718 789 1802 quibus
812 1725 936 1785 matura
959 1727 1027 1784 erat
1049 1719 1165 1801 missis,
1195 1719 1304 1785 electis
1316 1711 1360 1785 23
1471 1715 1472 1734 ²

269 1832 384 1886 Dcccc
417 1823 485 1888 fere
522 1823 600 1888 bina
637 1824 759 1888 talenta
796 1823 897 1906 equiti
935 1822 1032 1904 dedit,
1076 1823 1178 1908 pediti
1215 1830 1307 1888 terna

270 1927 436 1992 denarium
472 1926 568 2008 milia,
614 1927 823 2009 monitusque,
867 1935 902 1992 ut
942 1927 1060 1994 liberos
1104 1935 1304 2012 generarent,

269 2031 392 2096 remisit
415 2031 554 2095 domurn.
602 2029 725 2098 (leteris
748 2031 873 2115 gratiae
895 2038 994 2112 actae,
1019 2033 1105 2114 quod
1127 2031 1170 2098 ad
1184 2032 1307 2115 reliqua

217 2144 251 2195 28
268 2134 344 2200 belli
381 2141 552 2201 navaturos
589 2156 720 2220 operam
757 2137 997 2220 pollicebantur.
1054 2138 1151 2219 [Dum
1189 2137 1308 2202 Bessus

268 2239 476 2324 perducitur]
491 2241 684 2306 Perventum
701 2247 770 2306 erat
780 2241 824 2306 ad
840 2242 1007 2325 parvulum
1022 2239 1192 2326 oppidum:
1210 2241 1308 2306 Bran-

270 2342 384 2408 chidae
407 2344 476 2409 eius
498 2344 622 2409 incolae
638 2347 736 2410 erant.
772 2344 881 2409 Mileto
898 2344 1058 2428 quondam
1074 2345 1162 2410 iussu
1178 2343 1305 2426 Xerxis,

270 2468 342 2512 cum
365 2468 383 2512 e
406 2447 541 2514 Graecia
570 2447 698 2529 rediret,
729 2449 922 2514 transierant
952 2456 983 2514 et
1013 2449 1046 2513 in
1077 2469 1116 2514 ea
1136 2449 1214 2514 sede
1236 2469 1308 2514 con-

270 2553 426 2631 stiterant,
453 2551 528 2634 quia
550 2554 713 2638 templum,
747 2554 833 2636 quod
856 2553 1038 2638 Didymeon
1062 2554 1250 2638 appellatur,
1275 2553 1308 2616 in

219 2671 252 2722 29
273 2657 411 2740 gratiam
434 2656 552 2722 Xerxis
574 2657 780 2723 violaverant.
817 2657 922 2724 Mores
937 2658 1031 2742 patrii
1047 2657 1189 2722 nondum
1204 2657 1308 2722 exole-

269 2767 398 2826 verant:
430 2761 488 2828 scd
510 2761 574 2826 iam
596 2761 757 2844 bilingues
784 2769 883 2844 erant,
915 2762 1069 2846 paulatim
1092 2783 1112 2826 a
1134 2761 1308 2827 domestico

270 2874 401 2931 externo
425 2886 571 2932 sermone
594 2866 780 2950 degeneres.
816 2867 934 2949 Magno
949 2867 1048 2948 igitur
1063 2865 1182 2948 gaudio
1198 2885 1309 2949 regem

270 2971 443 3055 excipiunt,
470 2970 582 3035 urbem
619 2989 718 3052 seque
756 2970 920 3037 dedentes.
967 2971 1026 3036 llle
1063 2971 1214 3051 Milesios,
1254 2969 1310 3050 qui

219 3088 252 3138 30
270 3074 357 3160 apud
379 3074 484 3158 ipsum
514 3073 695 3155 militarent,
727 3075 894 3140 convocari
923 3074 1022 3140 iubet.
1069 3073 1169 3140 Vetus
1201 3073 1309 3139 odium

271 3179 385 3244 Milesii
400 3179 556 3261 gerebant
571 3178 604 3242 in
620 3176 873 3244 Branchidarum
889 3184 1028 3262 gentem.
1067 3177 1205 3244 Proditis
1220 3197 1308 3261 ergo,

271 3283 338 3348 sive
360 3283 494 3347 iniuriae
524 3281 593 3348 sive
623 3281 757 3366 originis
788 3283 971 3348 meminisse
1001 3283 1139 3364 mallent,
1171 3281 1308 3347 liberum

219 3400 251 3450 31
271 3386 311 3452 de
334 3386 524 3452 Branchidis
553 3387 707 3471 permittit
736 3387 911 3452 arbitrium.
958 3385 1162 3452 Variantibus
1192 3385 1309 3451 deinde

271 3490 434 3556 sententiis
457 3510 491 3555 se
514 3490 621 3574 ipsum
643 3490 925 3571 consideraturum,
949 3491 1026 3574 quid
1049 3490 1204 3575 optimum
1219 3489 1307 3554 factu

272 3602 366 3674 esset,
400 3593 548 3660 ostendit.
594 3594 725 3661 Postero
759 3595 812 3660 die
847 3595 1084 3660 occurrentibus
1117 3593 1307 3660 Branchidis

271 3719 380 3764 secum
402 3698 574 3783 procedere
592 3699 689 3764 iubet.
725 3698 869 3782 Cumque
883 3698 926 3764 ad
941 3699 1052 3764 urbem
1068 3705 1198 3764 ventum
1214 3706 1307 3778 esset,

220 3815 253 3866 32
271 3803 340 3886 ipse
362 3821 434 3866 eum
457 3801 608 3886 expedita
630 3822 726 3868 manu
748 3810 873 3888 portam
891 3803 1003 3876 intrat:
1027 3801 1168 3886 phalanx
1183 3802 1307 3866 moenia
