<?xml version="1.0" encoding="UTF-8"?>
<!DOCTYPE html PUBLIC "-//W3C//DTD XHTML 1.0 Transitional//EN"
    "http://www.w3.org/TR/xhtml1/DTD/xhtml1-transitional.dtd">
<html xmlns="http://www.w3.org/1999/xhtml" xml:lang="en" lang="en">
 <head>
  <title>
</title>
<meta http-equiv="Content-Type" content="text/html;charset=utf-8" />
  <meta name='ocr-system' content='tesseract 3.04.00' />
  <meta name='ocr-capabilities' content='ocr_page ocr_carea ocr_par ocr_line ocrx_word'/>
</head>
<body>
  <div class='ocr_page' id='page_1' title='image "./qcurtirufihisto00stangoog_0181.png"; bbox 0 0 3040 4318; ppageno 0'>
   <div class='ocr_carea' id='block_1_1' title="bbox 288 235 945 306">
    <p class='ocr_par' dir='ltr' id='par_1_1' title="bbox 288 235 945 306">
     <span class='ocr_line' id='line_1_1' title="bbox 288 235 945 306; baseline -0.005 -13"><span class='ocrx_word' id='word_1_1' title='bbox 288 238 351 302; x_wconf 92' lang='grc'><strong>148</strong></span> <span class='ocrx_word' id='word_1_2' title='bbox 679 241 709 306; x_wconf 79' lang='lat' dir='ltr'><strong>Q.</strong></span> <span class='ocrx_word' id='word_1_3' title='bbox 730 239 839 294; x_wconf 84' lang='lat' dir='ltr'>CURTI</span> <span class='ocrx_word' id='word_1_4' title='bbox 857 235 945 292; x_wconf 84' lang='lat' dir='ltr'>RUFI</span> 
     </span>
    </p>
   </div>
   <div class='ocr_carea' id='block_1_2' title="bbox 178 441 1379 3972">
    <p class='ocr_par' dir='ltr' id='par_1_2' title="bbox 247 441 1326 1984">
     <span class='ocr_line' id='line_1_2' title="bbox 286 441 1326 529; baseline -0.003 -22"><span class='ocrx_word' id='word_1_5' title='bbox 286 443 429 509; x_wconf 89' lang='lat' dir='ltr'><strong>insidiari</strong></span> <span class='ocrx_word' id='word_1_6' title='bbox 458 444 515 509; x_wconf 89' lang='lat' dir='ltr'><strong>tibi</strong></span> <span class='ocrx_word' id='word_1_7' title='bbox 548 445 672 529; x_wconf 90' lang='lat' dir='ltr'><strong>poterit,</strong></span> <span class='ocrx_word' id='word_1_8' title='bbox 708 452 742 509; x_wconf 91' lang='lat' dir='ltr'><strong>tu</strong></span> <span class='ocrx_word' id='word_1_9' title='bbox 776 463 840 508; x_wconf 94' lang='lat' dir='ltr'><strong>non</strong></span> <span class='ocrx_word' id='word_1_10' title='bbox 873 463 999 527; x_wconf 78' lang='lat' dir='ltr'><strong>semper</strong></span> <span class='ocrx_word' id='word_1_11' title='bbox 1028 442 1176 506; x_wconf 79' lang='lat' dir='ltr'>Philotae</span> <span class='ocrx_word' id='word_1_12' title='bbox 1206 441 1326 524; x_wconf 90' lang='lat' dir='ltr'><strong>poteris</strong></span> 
     </span>
     <span class='ocr_line' id='line_1_3' title="bbox 250 544 1326 630; baseline -0.004 -19"><span class='ocrx_word' id='word_1_13' title='bbox 250 548 459 630; x_wconf 86' lang='lat' dir='ltr'><strong>eignoscere.</strong></span> <span class='ocrx_word' id='word_1_14' title='bbox 507 549 576 613; x_wconf 89' lang='lat' dir='ltr'><strong>Nec</strong></span> <span class='ocrx_word' id='word_1_15' title='bbox 606 554 663 629; x_wconf 87' lang='lat' dir='ltr'><strong>est,</strong></span> <span class='ocrx_word' id='word_1_16' title='bbox 695 546 779 630; x_wconf 93' lang='lat' dir='ltr'><strong>quod</strong></span> <span class='ocrx_word' id='word_1_17' title='bbox 821 546 983 612; x_wconf 80' lang='lat' dir='ltr'><strong>existimes</strong></span> <span class='ocrx_word' id='word_1_18' title='bbox 1014 566 1094 626; x_wconf 94' lang='lat' dir='ltr'><strong>eum,</strong></span> <span class='ocrx_word' id='word_1_19' title='bbox 1123 544 1177 626; x_wconf 93' lang='lat' dir='ltr'><strong>qui</strong></span> <span class='ocrx_word' id='word_1_20' title='bbox 1202 550 1326 608; x_wconf 92' lang='lat' dir='ltr'><strong>tantum</strong></span> 
     </span>
     <span class='ocr_line' id='line_1_4' title="bbox 286 647 1325 736; baseline -0.004 -20"><span class='ocrx_word' id='word_1_21' title='bbox 286 671 382 716; x_wconf 90' lang='lat' dir='ltr'><strong>ausus</strong></span> <span class='ocrx_word' id='word_1_22' title='bbox 416 658 473 733; x_wconf 88' lang='lat' dir='ltr'><strong>est,</strong></span> <span class='ocrx_word' id='word_1_23' title='bbox 509 652 602 716; x_wconf 87' lang='lat' dir='ltr'><strong>venia</strong></span> <span class='ocrx_word' id='word_1_24' title='bbox 631 671 725 736; x_wconf 90' lang='lat' dir='ltr'><strong>posse</strong></span> <span class='ocrx_word' id='word_1_25' title='bbox 755 651 879 716; x_wconf 90' lang='lat' dir='ltr'><strong>mutari.</strong></span> <span class='ocrx_word' id='word_1_26' title='bbox 927 649 993 716; x_wconf 84' lang='lat' dir='ltr'><strong>Seit</strong></span> <span class='ocrx_word' id='word_1_27' title='bbox 1025 668 1089 730; x_wconf 89' lang='lat' dir='ltr'><strong>eos,</strong></span> <span class='ocrx_word' id='word_1_28' title='bbox 1121 647 1174 731; x_wconf 94' lang='lat' dir='ltr'><strong>qui</strong></span> <span class='ocrx_word' id='word_1_29' title='bbox 1204 647 1325 712; x_wconf 90' lang='lat' dir='ltr'><strong>miseri-</strong></span> 
     </span>
     <span class='ocr_line' id='line_1_5' title="bbox 287 755 1322 840; baseline -0.004 -20"><span class='ocrx_word' id='word_1_30' title='bbox 287 756 427 820; x_wconf 90' lang='lat' dir='ltr'><strong>cordiam</strong></span> <span class='ocrx_word' id='word_1_31' title='bbox 466 763 737 840; x_wconf 88' lang='lat' dir='ltr'><strong>consumpserunt,</strong></span> <span class='ocrx_word' id='word_1_32' title='bbox 776 755 911 838; x_wconf 89' lang='lat' dir='ltr'><strong>amplius</strong></span> <span class='ocrx_word' id='word_1_33' title='bbox 949 774 1078 838; x_wconf 90' lang='lat' dir='ltr'><strong>sperare</strong></span> <span class='ocrx_word' id='word_1_34' title='bbox 1115 772 1180 818; x_wconf 91' lang='lat' dir='ltr'><strong>non</strong></span> <span class='ocrx_word' id='word_1_35' title='bbox 1217 771 1322 837; x_wconf 89' lang='lat' dir='ltr'><strong>posse.</strong></span> 
     </span>
     <span class='ocr_line' id='line_1_6' title="bbox 249 856 1322 945; baseline -0.004 -21"><span class='ocrx_word' id='word_1_36' title='bbox 249 859 326 932; x_wconf 76' lang='grc'><strong>711</strong></span> <span class='ocrx_word' id='word_1_37' title='bbox 349 879 419 942; x_wconf 83' lang='lat' dir='ltr'><strong>ego,</strong></span> <span class='ocrx_word' id='word_1_38' title='bbox 445 861 568 924; x_wconf 90' lang='lat' dir='ltr'><strong>etiamsi</strong></span> <span class='ocrx_word' id='word_1_39' title='bbox 594 861 673 945; x_wconf 87' lang='lat' dir='ltr'><strong>ipse,</strong></span> <span class='ocrx_word' id='word_1_40' title='bbox 697 861 749 927; x_wconf 76' lang='lat' dir='ltr'><strong>,vel</strong></span> <span class='ocrx_word' id='word_1_41' title='bbox 779 859 976 943; x_wconf 88' lang='lat' dir='ltr'><strong>paenitentia</strong></span> <span class='ocrx_word' id='word_1_42' title='bbox 1004 859 1058 923; x_wconf 87' lang='lat' dir='ltr'><strong>vel</strong></span> <span class='ocrx_word' id='word_1_43' title='bbox 1086 856 1242 922; x_wconf 86' lang='lat' dir='ltr'><strong>beneficio</strong></span> <span class='ocrx_word' id='word_1_44' title='bbox 1268 865 1322 921; x_wconf 91' lang='lat' dir='ltr'><strong>tuo</strong></span> 
     </span>
     <span class='ocr_line' id='line_1_7' title="bbox 284 961 1323 1049; baseline -0.004 -20"><span class='ocrx_word' id='word_1_45' title='bbox 284 965 396 1046; x_wconf 88' lang='lat' dir='ltr'><strong>victus,</strong></span> <span class='ocrx_word' id='word_1_46' title='bbox 417 965 581 1047; x_wconf 82' lang='lat' dir='ltr'><strong>quiescere</strong></span> <span class='ocrx_word' id='word_1_47' title='bbox 604 966 698 1046; x_wconf 85' lang='lat' dir='ltr'><strong>volet,</strong></span> <span class='ocrx_word' id='word_1_48' title='bbox 729 971 853 1049; x_wconf 90' lang='lat' dir='ltr'><strong>patrem</strong></span> <span class='ocrx_word' id='word_1_49' title='bbox 876 963 943 1028; x_wconf 89' lang='lat' dir='ltr'><strong>eius</strong></span> <span class='ocrx_word' id='word_1_50' title='bbox 966 963 1219 1044; x_wconf 86' lang='lat' dir='ltr'><strong>Parmenionem,</strong></span> <span class='ocrx_word' id='word_1_51' title='bbox 1243 961 1323 1026; x_wconf 92' lang='lat' dir='ltr'><strong>tanti</strong></span> 
     </span>
     <span class='ocr_line' id='line_1_8' title="bbox 284 1066 1326 1152; baseline -0.004 -19"><span class='ocrx_word' id='word_1_52' title='bbox 284 1068 397 1134; x_wconf 91' lang='lat' dir='ltr'><strong>ducem</strong></span> <span class='ocrx_word' id='word_1_53' title='bbox 421 1069 579 1134; x_wconf 86' lang='lat' dir='ltr'><strong>exereitus</strong></span> <span class='ocrx_word' id='word_1_54' title='bbox 603 1075 634 1132; x_wconf 90' lang='lat' dir='ltr'><strong>et</strong></span> <span class='ocrx_word' id='word_1_55' title='bbox 655 1069 832 1134; x_wconf 83' lang='lat' dir='ltr'><strong>inveterata</strong></span> <span class='ocrx_word' id='word_1_56' title='bbox 854 1067 941 1152; x_wconf 91' lang='lat' dir='ltr'><strong>apud</strong></span> <span class='ocrx_word' id='word_1_57' title='bbox 963 1067 1079 1132; x_wconf 83' lang='lat' dir='ltr'><strong>milites</strong></span> <span class='ocrx_word' id='word_1_58' title='bbox 1103 1087 1177 1132; x_wconf 88' lang='lat' dir='ltr'><strong>suos</strong></span> <span class='ocrx_word' id='word_1_59' title='bbox 1193 1066 1326 1131; x_wconf 88' lang='lat' dir='ltr'><strong>auctori-</strong></span> 
     </span>
     <span class='ocr_line' id='line_1_9' title="bbox 283 1170 1324 1254; baseline -0.003 -17"><span class='ocrx_word' id='word_1_60' title='bbox 283 1180 349 1237; x_wconf 92' lang='lat' dir='ltr'><strong>tate</strong></span> <span class='ocrx_word' id='word_1_61' title='bbox 384 1172 472 1237; x_wconf 94' lang='lat' dir='ltr'><strong>haud</strong></span> <span class='ocrx_word' id='word_1_62' title='bbox 505 1174 637 1237; x_wconf 92' lang='lat' dir='ltr'><strong>multum</strong></span> <span class='ocrx_word' id='word_1_63' title='bbox 669 1173 753 1237; x_wconf 88' lang='lat' dir='ltr'><strong>infra</strong></span> <span class='ocrx_word' id='word_1_64' title='bbox 785 1172 1015 1254; x_wconf 81' lang='lat' dir='ltr'><strong>magnitudinis</strong></span> <span class='ocrx_word' id='word_1_65' title='bbox 1048 1179 1122 1236; x_wconf 89' lang='lat' dir='ltr'><strong>tuae</strong></span> <span class='ocrx_word' id='word_1_66' title='bbox 1160 1170 1324 1253; x_wconf 80' lang='lat' dir='ltr'><strong>fastigium</strong></span> 
     </span>
     <span class='ocr_line' id='line_1_10' title="bbox 283 1275 1324 1362; baseline -0.004 -20"><span class='ocrx_word' id='word_1_67' title='bbox 283 1278 429 1362; x_wconf 90' lang='lat' dir='ltr'><strong>positum,</strong></span> <span class='ocrx_word' id='word_1_68' title='bbox 461 1276 529 1342; x_wconf 93' lang='lat' dir='ltr'><strong>scio</strong></span> <span class='ocrx_word' id='word_1_69' title='bbox 558 1297 622 1341; x_wconf 92' lang='lat' dir='ltr'><strong>non</strong></span> <span class='ocrx_word' id='word_1_70' title='bbox 652 1295 754 1358; x_wconf 89' lang='lat' dir='ltr'><strong>aequo</strong></span> <span class='ocrx_word' id='word_1_71' title='bbox 785 1275 891 1341; x_wconf 89' lang='lat' dir='ltr'><strong>animo</strong></span> <span class='ocrx_word' id='word_1_72' title='bbox 923 1278 1058 1342; x_wconf 89' lang='lat' dir='ltr'><strong>salutem</strong></span> <span class='ocrx_word' id='word_1_73' title='bbox 1087 1276 1144 1340; x_wconf 84' lang='lat' dir='ltr'><strong>lilii</strong></span> <span class='ocrx_word' id='word_1_74' title='bbox 1166 1275 1216 1340; x_wconf 91' lang='lat' dir='ltr'><strong>sui</strong></span> <span class='ocrx_word' id='word_1_75' title='bbox 1239 1275 1324 1341; x_wconf 88' lang='lat' dir='ltr'><strong>debi-</strong></span> 
     </span>
     <span class='ocr_line' id='line_1_11' title="bbox 247 1380 1322 1458; baseline -0.004 -10"><span class='ocrx_word' id='word_1_76' title='bbox 247 1389 385 1450; x_wconf 85' lang='lat' dir='ltr'><strong>sturum</strong></span> <span class='ocrx_word' id='word_1_77' title='bbox 407 1381 474 1446; x_wconf 89' lang='lat' dir='ltr'><strong>tihi.</strong></span> <span class='ocrx_word' id='word_1_78' title='bbox 522 1380 687 1458; x_wconf 81' lang='lat' dir='ltr'><strong>Quaedam</strong></span> <span class='ocrx_word' id='word_1_79' title='bbox 709 1380 864 1446; x_wconf 87' lang='lat' dir='ltr'><strong>beneficia</strong></span> <span class='ocrx_word' id='word_1_80' title='bbox 887 1380 1019 1446; x_wconf 91' lang='lat' dir='ltr'><strong>odimus.</strong></span> <span class='ocrx_word' id='word_1_81' title='bbox 1065 1380 1220 1446; x_wconf 83' lang='lat' dir='ltr'><strong>Meruisse</strong></span> <span class='ocrx_word' id='word_1_82' title='bbox 1241 1400 1322 1445; x_wconf 91' lang='lat' dir='ltr'><strong>mor-</strong></span> 
     </span>
     <span class='ocr_line' id='line_1_12' title="bbox 281 1484 1324 1570; baseline -0.003 -19"><span class='ocrx_word' id='word_1_83' title='bbox 281 1494 346 1551; x_wconf 85' lang='lat' dir='ltr'><strong>tem</strong></span> <span class='ocrx_word' id='word_1_84' title='bbox 369 1485 510 1550; x_wconf 88' lang='lat' dir='ltr'><strong>confiteri</strong></span> <span class='ocrx_word' id='word_1_85' title='bbox 540 1485 656 1569; x_wconf 92' lang='lat' dir='ltr'><strong>pudet:</strong></span> <span class='ocrx_word' id='word_1_86' title='bbox 687 1492 841 1570; x_wconf 83' lang='lat' dir='ltr'><strong>superest,</strong></span> <span class='ocrx_word' id='word_1_87' title='bbox 874 1492 908 1549; x_wconf 94' lang='lat' dir='ltr'><strong>ut</strong></span> <span class='ocrx_word' id='word_1_88' title='bbox 937 1485 1028 1550; x_wconf 91' lang='lat' dir='ltr'><strong>malit</strong></span> <span class='ocrx_word' id='word_1_89' title='bbox 1050 1484 1152 1551; x_wconf 84' lang='lat' dir='ltr'><strong>videri</strong></span> <span class='ocrx_word' id='word_1_90' title='bbox 1175 1485 1324 1549; x_wconf 88' lang='lat' dir='ltr'><strong>iniuriam</strong></span> 
     </span>
     <span class='ocr_line' id='line_1_13' title="bbox 281 1588 1325 1676; baseline 0.002 -21"><span class='ocrx_word' id='word_1_91' title='bbox 281 1591 446 1676; x_wconf 87' lang='lat' dir='ltr'><strong>accepisse</strong></span> <span class='ocrx_word' id='word_1_92' title='bbox 470 1611 572 1673; x_wconf 87' lang='lat' dir='ltr'><strong>quam</strong></span> <span class='ocrx_word' id='word_1_93' title='bbox 587 1590 694 1655; x_wconf 84' lang='lat' dir='ltr'><strong>vitam.</strong></span> <span class='ocrx_word' id='word_1_94' title='bbox 743 1588 881 1654; x_wconf 89' lang='lat' dir='ltr'><strong>Proinde</strong></span> <span class='ocrx_word' id='word_1_95' title='bbox 905 1589 985 1655; x_wconf 93' lang='lat' dir='ltr'><strong>scito</strong></span> <span class='ocrx_word' id='word_1_96' title='bbox 1022 1589 1079 1655; x_wconf 92' lang='lat' dir='ltr'><strong>tibi</strong></span> <span class='ocrx_word' id='word_1_97' title='bbox 1103 1591 1260 1656; x_wconf 89' lang='lat' dir='ltr'><strong>cumillis</strong></span> <span class='ocrx_word' id='word_1_98' title='bbox 1284 1591 1325 1657; x_wconf 89' lang='lat' dir='ltr'><strong>de</strong></span> 
     </span>
     <span class='ocr_line' id='line_1_14' title="bbox 247 1693 1325 1779; baseline -0.002 -17"><span class='ocrx_word' id='word_1_99' title='bbox 247 1696 385 1762; x_wconf 83' lang='lat' dir='ltr'><strong>ssalute</strong></span> <span class='ocrx_word' id='word_1_100' title='bbox 419 1714 490 1760; x_wconf 90' lang='lat' dir='ltr'><strong>esse</strong></span> <span class='ocrx_word' id='word_1_101' title='bbox 524 1693 742 1779; x_wconf 85' lang='lat' dir='ltr'><strong>pugnandum.</strong></span> <span class='ocrx_word' id='word_1_102' title='bbox 798 1693 883 1758; x_wconf 85' lang='lat' dir='ltr'><strong>Satis</strong></span> <span class='ocrx_word' id='word_1_103' title='bbox 919 1693 1056 1758; x_wconf 89' lang='lat' dir='ltr'><strong>hostium</strong></span> <span class='ocrx_word' id='word_1_104' title='bbox 1093 1701 1247 1779; x_wconf 85' lang='lat' dir='ltr'><strong>superest,</strong></span> <span class='ocrx_word' id='word_1_105' title='bbox 1282 1697 1325 1760; x_wconf 90' lang='lat' dir='ltr'><strong>ad</strong></span> 
     </span>
     <span class='ocr_line' id='line_1_15' title="bbox 282 1798 1324 1885; baseline 0.001 -20"><span class='ocrx_word' id='word_1_106' title='bbox 282 1819 361 1883; x_wconf 90' lang='lat' dir='ltr'><strong>quos</strong></span> <span class='ocrx_word' id='word_1_107' title='bbox 383 1799 621 1885; x_wconf 88' lang='lat' dir='ltr'><strong>persequendos</strong></span> <span class='ocrx_word' id='word_1_108' title='bbox 644 1798 718 1862; x_wconf 92' lang='lat' dir='ltr'><strong>ituri</strong></span> <span class='ocrx_word' id='word_1_109' title='bbox 734 1815 859 1863; x_wconf 87' lang='lat' dir='ltr'><strong>sumus:</strong></span> <span class='ocrx_word' id='word_1_110' title='bbox 883 1799 966 1862; x_wconf 89' lang='lat' dir='ltr'><strong>latus</strong></span> <span class='ocrx_word' id='word_1_111' title='bbox 989 1798 1209 1864; x_wconf 89' lang='lat' dir='ltr'><strong>ademestieis</strong></span> <span class='ocrx_word' id='word_1_112' title='bbox 1230 1800 1324 1866; x_wconf 92' lang='lat' dir='ltr'><strong>hosti-</strong></span> 
     </span>
     <span class='ocr_line' id='line_1_16' title="bbox 281 1897 1322 1984; baseline 0 -12"><span class='ocrx_word' id='word_1_113' title='bbox 281 1909 340 1973; x_wconf 92' lang='lat' dir='ltr'><strong>bus</strong></span> <span class='ocrx_word' id='word_1_114' title='bbox 363 1903 460 1969; x_wconf 89' lang='lat' dir='ltr'><strong>muni.</strong></span> <span class='ocrx_word' id='word_1_115' title='bbox 504 1903 572 1968; x_wconf 91' lang='lat' dir='ltr'><strong>Hos</strong></span> <span class='ocrx_word' id='word_1_116' title='bbox 596 1903 622 1968; x_wconf 91' lang='lat' dir='ltr'><strong>si</strong></span> <span class='ocrx_word' id='word_1_117' title='bbox 653 1923 843 1984; x_wconf 88' lang='lat' dir='ltr'><strong>summoves,</strong></span> <span class='ocrx_word' id='word_1_118' title='bbox 868 1902 949 1966; x_wconf 94' lang='lat' dir='ltr'><strong>nihil</strong></span> <span class='ocrx_word' id='word_1_119' title='bbox 977 1911 1083 1968; x_wconf 90' lang='lat' dir='ltr'><strong>metuo</strong></span> <span class='ocrx_word' id='word_1_120' title='bbox 1107 1905 1148 1970; x_wconf 92' lang='lat' dir='ltr'><strong>ab</strong></span> <span class='ocrx_word' id='word_1_121' title='bbox 1173 1897 1322 1973; x_wconf 70' lang='lat' dir='ltr'><strong>euterun.⁸</strong></span> 
     </span>
    </p>

    <p class='ocr_par' dir='ltr' id='par_1_3' title="bbox 231 2006 1375 2406">
     <span class='ocr_line' id='line_1_17' title="bbox 231 2006 1375 2092; baseline 0.008 -19"><span class='ocrx_word' id='word_1_122' title='bbox 231 2032 264 2082; x_wconf 90' lang='lat'><strong>10</strong></span> <span class='ocrx_word' id='word_1_123' title='bbox 386 2009 476 2074; x_wconf 90' lang='lat' dir='ltr'><strong>Haec</strong></span> <span class='ocrx_word' id='word_1_124' title='bbox 500 2006 657 2073; x_wconf 79' lang='lat' dir='ltr'><strong>Craterus.</strong></span> <span class='ocrx_word' id='word_1_125' title='bbox 684 2007 754 2072; x_wconf 90' lang='lat' dir='ltr'><strong>Nec</strong></span> <span class='ocrx_word' id='word_1_126' title='bbox 790 2007 887 2072; x_wconf 87' lang='lat' dir='ltr'><strong>ceteri</strong></span> <span class='ocrx_word' id='word_1_127' title='bbox 917 2007 1114 2090; x_wconf 89' lang='lat' dir='ltr'><strong>dubitabant,</strong></span> <span class='ocrx_word' id='word_1_128' title='bbox 1146 2010 1221 2092; x_wconf 94' lang='lat' dir='ltr'><strong>quin</strong></span> <span class='ocrx_word' id='word_1_129' title='bbox 1251 2012 1375 2084; x_wconf 87' lang='lat' dir='ltr'><strong>con-30</strong></span> 
     </span>
     <span class='ocr_line' id='line_1_18' title="bbox 281 2111 1323 2197; baseline 0.003 -19"><span class='ocrx_word' id='word_1_130' title='bbox 281 2114 447 2180; x_wconf 90' lang='lat' dir='ltr'><strong>iurationis</strong></span> <span class='ocrx_word' id='word_1_131' title='bbox 473 2113 627 2178; x_wconf 88' lang='lat' dir='ltr'><strong>indicium</strong></span> <span class='ocrx_word' id='word_1_132' title='bbox 650 2131 876 2197; x_wconf 90' lang='lat' dir='ltr'><strong>suppressurus</strong></span> <span class='ocrx_word' id='word_1_133' title='bbox 901 2132 965 2176; x_wconf 90' lang='lat' dir='ltr'><strong>non</strong></span> <span class='ocrx_word' id='word_1_134' title='bbox 988 2111 1102 2178; x_wconf 89' lang='lat' dir='ltr'><strong>fuisset</strong></span> <span class='ocrx_word' id='word_1_135' title='bbox 1128 2113 1190 2188; x_wconf 90' lang='lat' dir='ltr'><strong>nisi</strong></span> <span class='ocrx_word' id='word_1_136' title='bbox 1214 2123 1323 2181; x_wconf 90' lang='lat' dir='ltr'><strong>auctor</strong></span> 
     </span>
     <span class='ocr_line' id='line_1_19' title="bbox 281 2216 1321 2306; baseline 0.002 -23"><span class='ocrx_word' id='word_1_137' title='bbox 281 2226 336 2283; x_wconf 92' lang='lat' dir='ltr'><strong>aut</strong></span> <span class='ocrx_word' id='word_1_138' title='bbox 373 2217 543 2302; x_wconf 90' lang='lat' dir='ltr'><strong>particeps.</strong></span> <span class='ocrx_word' id='word_1_139' title='bbox 591 2216 693 2293; x_wconf 80' lang='lat' dir='ltr'><strong>Quem</strong></span> <span class='ocrx_word' id='word_1_140' title='bbox 731 2217 816 2306; x_wconf 89' lang='lat' dir='ltr'><strong>enim</strong></span> <span class='ocrx_word' id='word_1_141' title='bbox 853 2217 941 2301; x_wconf 92' lang='lat' dir='ltr'><strong>pium</strong></span> <span class='ocrx_word' id='word_1_142' title='bbox 978 2223 1009 2280; x_wconf 91' lang='lat' dir='ltr'><strong>et</strong></span> <span class='ocrx_word' id='word_1_143' title='bbox 1051 2217 1153 2282; x_wconf 88' lang='lat' dir='ltr'><strong>bonae</strong></span> <span class='ocrx_word' id='word_1_144' title='bbox 1198 2221 1321 2302; x_wconf 92' lang='lat' dir='ltr'><strong>mentis,</strong></span> 
     </span>
     <span class='ocr_line' id='line_1_20' title="bbox 283 2318 1323 2406; baseline 0.003 -20"><span class='ocrx_word' id='word_1_145' title='bbox 283 2343 348 2387; x_wconf 89' lang='lat' dir='ltr'><strong>non</strong></span> <span class='ocrx_word' id='word_1_146' title='bbox 370 2322 506 2386; x_wconf 91' lang='lat' dir='ltr'><strong>amicum</strong></span> <span class='ocrx_word' id='word_1_147' title='bbox 528 2321 631 2401; x_wconf 93' lang='lat' dir='ltr'><strong>modo,</strong></span> <span class='ocrx_word' id='word_1_148' title='bbox 664 2320 793 2384; x_wconf 77' lang='lat' dir='ltr'><strong>seder·</strong></span> <span class='ocrx_word' id='word_1_149' title='bbox 807 2318 919 2384; x_wconf 90' lang='lat' dir='ltr'><strong>ultima</strong></span> <span class='ocrx_word' id='word_1_150' title='bbox 949 2321 1051 2404; x_wconf 90' lang='lat' dir='ltr'><strong>plebe,</strong></span> <span class='ocrx_word' id='word_1_151' title='bbox 1082 2320 1208 2404; x_wconf 90' lang='lat' dir='ltr'><strong>auditis,</strong></span> <span class='ocrx_word' id='word_1_152' title='bbox 1241 2345 1323 2406; x_wconf 92' lang='lat' dir='ltr'><strong>quae</strong></span> 
     </span>
    </p>

    <p class='ocr_par' dir='ltr' id='par_1_4' title="bbox 178 2422 1379 3972">
     <span class='ocr_line' id='line_1_21' title="bbox 241 2422 1379 2514; baseline 0.004 -24"><span class='ocrx_word' id='word_1_153' title='bbox 241 2459 243 2466; x_wconf 41' lang='lat' dir='ltr'>v</span> <span class='ocrx_word' id='word_1_154' title='bbox 282 2425 325 2490; x_wconf 91' lang='lat' dir='ltr'><strong>ad</strong></span> <span class='ocrx_word' id='word_1_155' title='bbox 355 2445 427 2490; x_wconf 88' lang='lat' dir='ltr'><strong>eum</strong></span> <span class='ocrx_word' id='word_1_156' title='bbox 457 2425 563 2489; x_wconf 87' lang='lat' dir='ltr'><strong>delata</strong></span> <span class='ocrx_word' id='word_1_157' title='bbox 594 2430 692 2505; x_wconf 90' lang='lat' dir='ltr'><strong>erant,</strong></span> <span class='ocrx_word' id='word_1_158' title='bbox 727 2443 791 2488; x_wconf 91' lang='lat' dir='ltr'><strong>non</strong></span> <span class='ocrx_word' id='word_1_159' title='bbox 824 2425 968 2508; x_wconf 88' lang='lat' dir='ltr'><strong>protinus</strong></span> <span class='ocrx_word' id='word_1_160' title='bbox 1001 2422 1044 2488; x_wconf 91' lang='lat' dir='ltr'><strong>ad</strong></span> <span class='ocrx_word' id='word_1_161' title='bbox 1077 2445 1204 2508; x_wconf 82' lang='lat' dir='ltr'><strong>regem·</strong></span> <span class='ocrx_word' id='word_1_162' title='bbox 1221 2427 1322 2493; x_wconf 87' lang='lat' dir='ltr'><strong>fuisse</strong></span> <span class='ocrx_word' id='word_1_163' title='bbox 1365 2503 1379 2514; x_wconf 72' lang='lat'><strong>.,</strong></span> 
     </span>
     <span class='ocr_line' id='line_1_22' title="bbox 232 2527 1320 2614; baseline 0.003 -20"><span class='ocrx_word' id='word_1_164' title='bbox 232 2553 262 2602; x_wconf 89' lang='lat'><strong>11</strong></span> <span class='ocrx_word' id='word_1_165' title='bbox 284 2528 475 2595; x_wconf 78' lang='lat' dir='ltr'><strong>cursurum?</strong></span> <span class='ocrx_word' id='word_1_166' title='bbox 500 2549 540 2596; x_wconf 90' lang='grc'><strong>110</strong></span> <span class='ocrx_word' id='word_1_167' title='bbox 565 2527 710 2593; x_wconf 79' lang='lat' dir='ltr'><strong>Cebalini</strong></span> <span class='ocrx_word' id='word_1_168' title='bbox 733 2528 860 2611; x_wconf 90' lang='lat' dir='ltr'><strong>quidem</strong></span> <span class='ocrx_word' id='word_1_169' title='bbox 891 2531 1047 2614; x_wconf 84' lang='lat' dir='ltr'><strong>exemplo,</strong></span> <span class='ocrx_word' id='word_1_170' title='bbox 1080 2531 1134 2612; x_wconf 92' lang='lat' dir='ltr'><strong>qui</strong></span> <span class='ocrx_word' id='word_1_171' title='bbox 1158 2550 1198 2596; x_wconf 86' lang='lat' dir='ltr'><strong>ex</strong></span> <span class='ocrx_word' id='word_1_172' title='bbox 1221 2529 1320 2598; x_wconf 81' lang='lat' dir='ltr'><strong>fratre</strong></span> 
     </span>
     <span class='ocr_line' id='line_1_23' title="bbox 283 2632 1320 2719; baseline 0.002 -20"><span class='ocrx_word' id='word_1_173' title='bbox 283 2639 446 2718; x_wconf 88' lang='lat' dir='ltr'><strong>comperta</strong></span> <span class='ocrx_word' id='word_1_174' title='bbox 468 2632 530 2716; x_wconf 89' lang='lat' dir='ltr'><strong>ipsi</strong></span> <span class='ocrx_word' id='word_1_175' title='bbox 552 2632 736 2713; x_wconf 86' lang='lat' dir='ltr'><strong>nuntiasset,</strong></span> <span class='ocrx_word' id='word_1_176' title='bbox 753 2633 969 2698; x_wconf 88' lang='lat' dir='ltr'><strong>Parmenionis</strong></span> <span class='ocrx_word' id='word_1_177' title='bbox 991 2633 1097 2716; x_wconf 90' lang='lat' dir='ltr'><strong>filium,</strong></span> <span class='ocrx_word' id='word_1_178' title='bbox 1122 2635 1320 2719; x_wconf 87' lang='lat' dir='ltr'><strong>praefectum</strong></span> 
     </span>
     <span class='ocr_line' id='line_1_24' title="bbox 283 2736 1321 2820; baseline 0.004 -18"><span class='ocrx_word' id='word_1_179' title='bbox 283 2737 448 2820; x_wconf 90' lang='lat' dir='ltr'><strong>equitatus,</strong></span> <span class='ocrx_word' id='word_1_180' title='bbox 474 2736 612 2801; x_wconf 92' lang='lat' dir='ltr'><strong>omnium</strong></span> <span class='ocrx_word' id='word_1_181' title='bbox 634 2757 823 2802; x_wconf 90' lang='lat' dir='ltr'><strong>areanorum</strong></span> <span class='ocrx_word' id='word_1_182' title='bbox 844 2738 931 2820; x_wconf 81' lang='lat' dir='ltr'><strong>regis</strong></span> <span class='ocrx_word' id='word_1_183' title='bbox 954 2739 1123 2804; x_wconf 88' lang='lat' dir='ltr'><strong>arbitrum!</strong></span> <span class='ocrx_word' id='word_1_184' title='bbox 1152 2740 1321 2806; x_wconf 89' lang='lat' dir='ltr'><strong>simulasse</strong></span> 
     </span>
     <span class='ocr_line' id='line_1_25' title="bbox 178 2841 1319 2926; baseline 0.004 -20"><span class='ocrx_word' id='word_1_185' title='bbox 178 2841 180 2846; x_wconf 84' lang='grc'><strong>’</strong></span> <span class='ocrx_word' id='word_1_186' title='bbox 283 2842 386 2921; x_wconf 86' lang='lat' dir='ltr'><strong>etiam,</strong></span> <span class='ocrx_word' id='word_1_187' title='bbox 411 2861 475 2906; x_wconf 93' lang='lat' dir='ltr'><strong>non</strong></span> <span class='ocrx_word' id='word_1_188' title='bbox 497 2861 631 2907; x_wconf 85' lang='lat' dir='ltr'><strong>vacasse</strong></span> <span class='ocrx_word' id='word_1_189' title='bbox 654 2843 792 2908; x_wconf 89' lang='lat' dir='ltr'><strong>sermoni</strong></span> <span class='ocrx_word' id='word_1_190' title='bbox 814 2862 871 2907; x_wconf 90' lang='lat' dir='ltr'><strong>suo</strong></span> <span class='ocrx_word' id='word_1_191' title='bbox 893 2863 1013 2926; x_wconf 84' lang='lat' dir='ltr'><strong>regem,</strong></span> <span class='ocrx_word' id='word_1_192' title='bbox 1038 2864 1078 2908; x_wconf 90' lang='lat' dir='ltr'><strong>ne</strong></span> <span class='ocrx_word' id='word_1_193' title='bbox 1100 2843 1198 2909; x_wconf 82' lang='lat' dir='ltr'><strong>index</strong></span> <span class='ocrx_word' id='word_1_194' title='bbox 1220 2845 1319 2910; x_wconf 93' lang='lat' dir='ltr'><strong>alium</strong></span> 
     </span>
     <span class='ocr_line' id='line_1_26' title="bbox 233 2945 1322 3034; baseline 0.006 -25"><span class='ocrx_word' id='word_1_195' title='bbox 233 2969 265 3017; x_wconf 83' lang='lat'><strong>12</strong></span> <span class='ocrx_word' id='word_1_196' title='bbox 283 2945 509 3010; x_wconf 86' lang='lat' dir='ltr'><strong>internuntium</strong></span> <span class='ocrx_word' id='word_1_197' title='bbox 532 2953 705 3027; x_wconf 88' lang='lat' dir='ltr'><strong>quaereret.</strong></span> <span class='ocrx_word' id='word_1_198' title='bbox 752 2947 990 3027; x_wconf 78' lang='lat' dir='ltr'><strong>Nicomachum,</strong></span> <span class='ocrx_word' id='word_1_199' title='bbox 1018 2949 1174 3032; x_wconf 84' lang='lat' dir='ltr'><strong>religione</strong></span> <span class='ocrx_word' id='word_1_200' title='bbox 1197 2971 1322 3034; x_wconf 91' lang='lat' dir='ltr'><strong>quoque</strong></span> 
     </span>
     <span class='ocr_line' id='line_1_27' title="bbox 284 3049 1320 3139; baseline 0.006 -25"><span class='ocrx_word' id='word_1_201' title='bbox 284 3049 379 3114; x_wconf 89' lang='lat' dir='ltr'><strong>deum</strong></span> <span class='ocrx_word' id='word_1_202' title='bbox 414 3049 587 3130; x_wconf 89' lang='lat' dir='ltr'><strong>astrictum,</strong></span> <span class='ocrx_word' id='word_1_203' title='bbox 626 3049 851 3116; x_wconf 88' lang='lat' dir='ltr'><strong>conscientiam</strong></span> <span class='ocrx_word' id='word_1_204' title='bbox 896 3072 986 3117; x_wconf 89' lang='lat' dir='ltr'><strong>suam</strong></span> <span class='ocrx_word' id='word_1_205' title='bbox 1032 3074 1207 3120; x_wconf 87' lang='lat' dir='ltr'><strong>exonerare</strong></span> <span class='ocrx_word' id='word_1_206' title='bbox 1252 3075 1320 3139; x_wconf 93' lang='lat' dir='ltr'><strong>pro-</strong></span> 
     </span>
     <span class='ocr_line' id='line_1_28' title="bbox 284 3152 1320 3241; baseline 0.005 -23"><span class='ocrx_word' id='word_1_207' title='bbox 284 3173 430 3238; x_wconf 90' lang='lat' dir='ltr'><strong>perasse:</strong></span> <span class='ocrx_word' id='word_1_208' title='bbox 476 3152 646 3235; x_wconf 90' lang='lat' dir='ltr'><strong>Philotam,</strong></span> <span class='ocrx_word' id='word_1_209' title='bbox 681 3163 867 3240; x_wconf 88' lang='lat' dir='ltr'><strong>consumpto</strong></span> <span class='ocrx_word' id='word_1_210' title='bbox 905 3177 962 3240; x_wconf 89' lang='lat' dir='ltr'><strong>per</strong></span> <span class='ocrx_word' id='word_1_211' title='bbox 1006 3158 1115 3222; x_wconf 92' lang='lat' dir='ltr'><strong>ludum</strong></span> <span class='ocrx_word' id='word_1_212' title='bbox 1151 3158 1320 3241; x_wconf 88' lang='lat' dir='ltr'><strong>iocumque</strong></span> 
     </span>
     <span class='ocr_line' id='line_1_29' title="bbox 283 3257 1322 3346; baseline 0.006 -24"><span class='ocrx_word' id='word_1_213' title='bbox 283 3279 385 3343; x_wconf 89' lang='lat' dir='ltr'><strong>paene</strong></span> <span class='ocrx_word' id='word_1_214' title='bbox 407 3264 474 3322; x_wconf 93' lang='lat' dir='ltr'><strong>toto</strong></span> <span class='ocrx_word' id='word_1_215' title='bbox 498 3257 559 3339; x_wconf 91' lang='lat' dir='ltr'><strong>die,</strong></span> <span class='ocrx_word' id='word_1_216' title='bbox 583 3266 750 3341; x_wconf 83' lang='lat' dir='ltr'><strong>gravatum</strong></span> <span class='ocrx_word' id='word_1_217' title='bbox 776 3279 848 3326; x_wconf 87' lang='lat' dir='ltr'><strong>esse</strong></span> <span class='ocrx_word' id='word_1_218' title='bbox 878 3282 981 3345; x_wconf 87' lang='lat' dir='ltr'><strong>pauca</strong></span> <span class='ocrx_word' id='word_1_219' title='bbox 1003 3263 1102 3328; x_wconf 90' lang='lat' dir='ltr'><strong>verba</strong></span> <span class='ocrx_word' id='word_1_220' title='bbox 1131 3262 1322 3346; x_wconf 88' lang='lat' dir='ltr'><strong>pertinentia</strong></span> 
     </span>
     <span class='ocr_line' id='line_1_30' title="bbox 284 3363 1321 3452; baseline 0.004 -24"><span class='ocrx_word' id='word_1_221' title='bbox 284 3363 327 3428; x_wconf 91' lang='lat' dir='ltr'><strong>ad</strong></span> <span class='ocrx_word' id='word_1_222' title='bbox 357 3369 452 3447; x_wconf 90' lang='lat' dir='ltr'><strong>caput</strong></span> <span class='ocrx_word' id='word_1_223' title='bbox 481 3363 568 3446; x_wconf 83' lang='lat' dir='ltr'><strong>regis</strong></span> <span class='ocrx_word' id='word_1_224' title='bbox 597 3370 663 3427; x_wconf 89' lang='lat' dir='ltr'><strong>tam</strong></span> <span class='ocrx_word' id='word_1_225' title='bbox 693 3365 790 3447; x_wconf 84' lang='lat' dir='ltr'><strong>longo</strong></span> <span class='ocrx_word' id='word_1_226' title='bbox 821 3371 852 3430; x_wconf 89' lang='lat' dir='ltr'><strong>et</strong></span> <span class='ocrx_word' id='word_1_227' title='bbox 883 3365 1017 3430; x_wconf 88' lang='lat' dir='ltr'><strong>forsitan</strong></span> <span class='ocrx_word' id='word_1_228' title='bbox 1046 3387 1243 3452; x_wconf 84' lang='lat' dir='ltr'><strong>supervacuo</strong></span> <span class='ocrx_word' id='word_1_229' title='bbox 1276 3367 1321 3432; x_wconf 93' lang='grc'><strong>111-</strong></span> 
     </span>
     <span class='ocr_line' id='line_1_31' title="bbox 234 3468 1322 3536; baseline 0 0"><span class='ocrx_word' id='word_1_230' title='bbox 234 3487 390 3536; x_wconf 84' lang='lat' dir='ltr'><strong>reserere</strong></span> <span class='ocrx_word' id='word_1_231' title='bbox 413 3468 559 3536; x_wconf 90' lang='lat' dir='ltr'><strong>sermoni.</strong></span> <span class='ocrx_word' id='word_1_232' title='bbox 604 3468 647 3532; x_wconf 81' lang='lat' dir='ltr'><strong>At</strong></span> <span class='ocrx_word' id='word_1_233' title='bbox 670 3469 753 3533; x_wconf 89' lang='lat' dir='ltr'><strong>enim</strong></span> <span class='ocrx_word' id='word_1_234' title='bbox 779 3490 842 3534; x_wconf 94' lang='lat' dir='ltr'><strong>non</strong></span> <span class='ocrx_word' id='word_1_235' title='bbox 873 3469 1048 3536; x_wconf 87' lang='lat' dir='ltr'><strong>eredidisse</strong></span> <span class='ocrx_word' id='word_1_236' title='bbox 1076 3472 1155 3536; x_wconf 90' lang='lat' dir='ltr'><strong>talia</strong></span> <span class='ocrx_word' id='word_1_237' title='bbox 1177 3471 1322 3536; x_wconf 87' lang='lat' dir='ltr'><strong>deferen-</strong></span> 
     </span>
     <span class='ocr_line' id='line_1_32' title="bbox 283 3571 1320 3658; baseline 0.004 -22"><span class='ocrx_word' id='word_1_238' title='bbox 283 3573 367 3638; x_wconf 90' lang='lat' dir='ltr'><strong>tibus</strong></span> <span class='ocrx_word' id='word_1_239' title='bbox 391 3571 514 3656; x_wconf 88' lang='lat' dir='ltr'><strong>pueris!</strong></span> <span class='ocrx_word' id='word_1_240' title='bbox 560 3571 623 3636; x_wconf 80' lang='lat' dir='ltr'><strong>Cur</strong></span> <span class='ocrx_word' id='word_1_241' title='bbox 645 3573 741 3655; x_wconf 84' lang='lat' dir='ltr'><strong>igitur</strong></span> <span class='ocrx_word' id='word_1_242' title='bbox 767 3573 958 3638; x_wconf 81' lang='lat' dir='ltr'><strong>extraxisset</strong></span> <span class='ocrx_word' id='word_1_243' title='bbox 988 3574 1127 3656; x_wconf 92' lang='lat' dir='ltr'><strong>biduum,</strong></span> <span class='ocrx_word' id='word_1_244' title='bbox 1158 3583 1320 3658; x_wconf 89' lang='lat' dir='ltr'><strong>tamquam</strong></span> 
     </span>
     <span class='ocr_line' id='line_1_33' title="bbox 283 3676 1318 3762; baseline 0.003 -22"><span class='ocrx_word' id='word_1_245' title='bbox 283 3676 400 3740; x_wconf 88' lang='lat' dir='ltr'><strong>indioio</strong></span> <span class='ocrx_word' id='word_1_246' title='bbox 431 3676 564 3742; x_wconf 88' lang='lat' dir='ltr'><strong>haberet</strong></span> <span class='ocrx_word' id='word_1_247' title='bbox 592 3676 712 3743; x_wconf 84' lang='lat' dir='ltr'><strong>fidem?</strong></span> <span class='ocrx_word' id='word_1_248' title='bbox 743 3679 964 3743; x_wconf 89' lang='lat' dir='ltr'><strong>dimittendum</strong></span> <span class='ocrx_word' id='word_1_249' title='bbox 994 3679 1092 3744; x_wconf 88' lang='lat' dir='ltr'><strong>fuisse</strong></span> <span class='ocrx_word' id='word_1_250' title='bbox 1124 3678 1318 3762; x_wconf 81' lang='lat' dir='ltr'><strong>Oebahnum,</strong></span> 
     </span>
     <span class='ocr_line' id='line_1_34' title="bbox 234 3780 1319 3868; baseline 0 -20"><span class='ocrx_word' id='word_1_251' title='bbox 234 3799 266 3848; x_wconf 81' lang='lat'><strong>14</strong></span> <span class='ocrx_word' id='word_1_252' title='bbox 285 3781 313 3844; x_wconf 92' lang='lat' dir='ltr'><strong>si</strong></span> <span class='ocrx_word' id='word_1_253' title='bbox 336 3780 527 3845; x_wconf 90' lang='lat' dir='ltr'><strong>delationem</strong></span> <span class='ocrx_word' id='word_1_254' title='bbox 551 3782 618 3846; x_wconf 88' lang='grc'><strong>01110</strong></span> <span class='ocrx_word' id='word_1_255' title='bbox 642 3781 821 3848; x_wconf 90' lang='lat' dir='ltr'><strong>damnabat.</strong></span> <span class='ocrx_word' id='word_1_256' title='bbox 858 3783 896 3846; x_wconf 91' lang='lat' dir='ltr'><strong>In</strong></span> <span class='ocrx_word' id='word_1_257' title='bbox 919 3803 976 3848; x_wconf 91' lang='lat' dir='ltr'><strong>suo</strong></span> <span class='ocrx_word' id='word_1_258' title='bbox 999 3803 1154 3866; x_wconf 90' lang='lat' dir='ltr'><strong>quemque</strong></span> <span class='ocrx_word' id='word_1_259' title='bbox 1176 3784 1319 3868; x_wconf 89' lang='lat' dir='ltr'><strong>periculo</strong></span> 
     </span>
     <span class='ocr_line' id='line_1_35' title="bbox 284 3888 1317 3972; baseline 0.004 -24"><span class='ocrx_word' id='word_1_260' title='bbox 284 3906 435 3968; x_wconf 85' lang='lat' dir='ltr'><strong>magnum</strong></span> <span class='ocrx_word' id='word_1_261' title='bbox 450 3888 588 3952; x_wconf 91' lang='lat' dir='ltr'><strong>animum</strong></span> <span class='ocrx_word' id='word_1_262' title='bbox 611 3888 739 3970; x_wconf 90' lang='lat' dir='ltr'><strong>habere,</strong></span> <span class='ocrx_word' id='word_1_263' title='bbox 772 3908 843 3955; x_wconf 86' lang='lat' dir='ltr'><strong>eum</strong></span> <span class='ocrx_word' id='word_1_264' title='bbox 867 3888 907 3953; x_wconf 89' lang='lat' dir='ltr'><strong>de</strong></span> <span class='ocrx_word' id='word_1_265' title='bbox 930 3889 1031 3953; x_wconf 88' lang='lat' dir='ltr'><strong>salute</strong></span> <span class='ocrx_word' id='word_1_266' title='bbox 1046 3889 1133 3972; x_wconf 88' lang='lat' dir='ltr'><strong>regis</strong></span> <span class='ocrx_word' id='word_1_267' title='bbox 1148 3889 1317 3970; x_wconf 88' lang='lat' dir='ltr'><strong>timeretur,</strong></span> 
     </span>
    </p>
   </div>
   <div class='ocr_carea' id='block_1_3' title="bbox 0 0 1524 4318">
    <p class='ocr_par' dir='ltr' id='par_1_5' title="bbox 0 0 1524 4318">
     <span class='ocr_line' id='line_1_36' title="bbox 0 0 1524 4318; baseline 0 0"><span class='ocrx_word' id='word_1_268' title='bbox 0 0 1524 4318; x_wconf 95' lang='lat' dir='ltr'><strong> </strong></span> 
     </span>
    </p>
   </div>
  </div>
 </body>
</html>
