3040 4318
380 275 632 332 HISTORIARUM
649 277 864 332 ALEXANDRI
882 279 920 332 IV
940 280 980 331 10.
1001 280 1040 330 11.
1185 278 1226 342 67

190 482 318 566 pateris.
365 483 494 548 Vultum
526 491 615 548 tuum
648 483 752 564 video,
787 484 890 567 qualis
920 482 1018 549 Darei
1052 482 1120 563 fuit,
1156 495 1263 546 cum4

191 585 421 678 dimitteremur
443 585 484 652 ab
509 608 564 658 eo:
596 595 627 653 et
658 588 712 653 ille
742 596 848 653 tamen
871 608 1011 668 uxorem,
1045 594 1080 651 tu
1102 585 1227 651 hostem

190 691 291 773 luges.
337 691 406 755 Iam
429 689 462 756 in
484 693 555 758 acie
578 700 688 774 stares,
716 693 778 758 nisi
802 713 878 757 cura
899 701 931 758 te
955 693 1135 777 sepulturae
1159 690 1226 756 eius

190 803 373 862 moraretur.
418 797 543 880 Ecquid
565 798 679 862 mirum
706 806 762 880 est,
795 798 822 863 si
844 805 909 862 tam
931 799 971 863 ab
995 798 1097 863 amico
1120 797 1227 864 animo

190 921 302 983 pacem
332 899 436 985 petit?
482 901 559 984 quid
589 921 668 987 opus
703 910 751 967 est
784 902 889 983 armis,
924 902 1006 968 inter
1040 923 1119 985 quos
1153 902 1227 967 odia

190 1003 315 1070 sublata
353 1007 448 1072 sunt?
505 1004 610 1072 Antea
646 1007 779 1090 imperio
816 1013 871 1071 tuo
916 1005 1011 1072 finem
1048 1006 1261 1071 destinabato

190 1109 308 1193 Halym
337 1130 472 1191 amnem,
504 1111 558 1192 qui
589 1111 724 1196 Lydiam
753 1111 916 1176 terminat:
952 1131 1043 1192 nunc,
1077 1110 1228 1193 quicquid

190 1212 271 1278 inter
301 1213 544 1298 Hellespontum
575 1223 607 1281 et
636 1216 821 1302 Euphraten
852 1225 909 1297 est,
944 1217 976 1280 in
1008 1216 1113 1281 dotem
1143 1216 1227 1282 filiae

190 1317 289 1398 offert,
326 1339 421 1400 quam
453 1319 510 1385 tibi
544 1321 650 1385 tradit.
696 1320 819 1386 Ochum
849 1321 956 1401 lilium,
993 1341 1087 1403 quem
1117 1321 1262 1402 habeas

189 1422 279 1505 pacis
303 1429 335 1487 et
357 1421 431 1488 fidei
455 1423 599 1489 obsidem
628 1425 738 1506 retine,
770 1432 902 1490 matrem
929 1433 960 1490 et
984 1424 1063 1489 duas
1087 1425 1227 1508 virgines

189 1524 272 1590 filias
296 1526 411 1592 redde:
444 1547 501 1611 pro
528 1528 629 1594 tribus
660 1529 846 1613 corporibus
871 1539 947 1590 xxx
965 1529 1053 1592 milia
1075 1529 1227 1593 talentum

189 1629 258 1693 auri
291 1638 449 1714 precatur.
472 1632 623 1716 accipias.
669 1633 741 1698 Nisi
774 1631 1021 1698 moderationem
1055 1633 1152 1698 animi
1180 1633 1261 1697 tuit

190 1741 297 1798 notam
320 1733 479 1816 haberem,
515 1734 654 1801 dicerem
676 1736 738 1802 hoc
770 1757 840 1802 esse
864 1743 997 1821 tempus,
1030 1757 1092 1819 quo
1115 1756 1227 1821 pacem

190 1859 252 1902 non
275 1836 351 1903 dare
375 1839 484 1921 solum,
510 1840 567 1905 sed
591 1841 686 1905 etiam
710 1861 867 1926 occupare
890 1841 1035 1906 deberes.
1081 1841 1225 1925 Respice,
1245 1853 1262 1904 8

190 1947 341 2022 quantum
376 1950 448 2026 post
482 1951 514 2009 te
552 1945 734 2027 reliqueris:
773 1946 904 2026 intuere,
940 1953 1092 2028 quantum
1125 1953 1226 2030 petas.

190 2043 407 2110 Periculosum
431 2055 479 2111 est
501 2069 678 2132 praegrave
704 2049 888 2134 imperium:
920 2048 1049 2114 difficile
1074 2056 1121 2114 est
1144 2045 1227 2113 enim

190 2149 359 2231 dominere,
385 2151 470 2233 quod
493 2173 607 2237 capere
630 2174 693 2217 non
715 2154 830 2238 possis.
865 2153 1013 2234 Videsne,
1038 2160 1072 2218 ut
1088 2153 1225 2236 navigia,

190 2272 272 2333 quae
309 2255 438 2319 modum
476 2257 641 2338 excedunt,
680 2257 749 2341 regi
786 2261 968 2340 nequeant?
1020 2256 1147 2337 Nesci0,
1186 2268 1262 2320 an9

190 2356 314 2422 Dareus
352 2359 424 2424 ideo
458 2367 523 2424 tam
560 2362 659 2426 multa
695 2361 845 2442 amiserit,
885 2362 960 2444 quia
995 2361 1111 2427 nimiae
1149 2381 1226 2446 opes

189 2482 326 2542 magnae
356 2463 496 2529 iacturae
530 2465 636 2529 locum
669 2465 799 2558 faciunt.
847 2465 987 2530 Facilius
1022 2473 1071 2530 est
1099 2464 1226 2530 vincere

190 2585 284 2646 quam
308 2568 459 2651 praedam
480 2570 580 2635 tueri:
612 2591 715 2653 quam,
747 2570 886 2652 hercule,
912 2571 1092 2656 expeditius
1114 2589 1226 2635 manus

189 2677 316 2736 nostrae
353 2673 479 2756 rapiunt
516 2694 611 2756 quam
649 2675 818 2740 continent.
877 2676 953 2760 Ipsa
990 2695 1073 2738 mors
1118 2673 1227 2738 uxoris

190 2772 288 2838 Darei
307 2775 478 2842 admonere
494 2783 525 2842 te
548 2785 662 2862 potest,
686 2779 789 2843 minus
813 2779 876 2844 iam
891 2778 1130 2844 misericordiae
1152 2785 1226 2842 tuae

189 2877 287 2944 licere
310 2901 405 2962 quam
427 2881 536 2946 licuit?

134 2979 181 3052 44
298 2983 483 3051 Alexander
504 2987 619 3070 legatis
636 2988 788 3053 excedere
803 2988 1006 3054 tabernaculo
1022 2989 1125 3068 iussis,
1151 2985 1227 3069 quid
1247 3009 1279 3058 10

189 3086 338 3169 placeret,
363 3089 405 3154 ad
429 3091 595 3156 consilium
617 3092 723 3158 refert.
769 3094 834 3157 Diu
857 3114 959 3175 nemo,
988 3093 1065 3176 quid
1087 3093 1225 3174 sentiret,

188 3211 285 3258 ausus
309 3201 357 3258 est
380 3193 495 3276 dicere,
520 3196 640 3261 incerta
658 3197 744 3279 regis
768 3197 940 3264 voluntate.
986 3198 1129 3263 Tandem
1152 3197 1275 3266 Par-11

188 3296 293 3360 menio
315 3305 410 3363 antea
433 3301 572 3366 suasisse
601 3302 654 3382 ait,
685 3309 720 3366 ut
751 3303 893 3386 captivos
924 3303 1009 3388 apud
1033 3303 1227 3369 Damascum

188 3399 417 3466 redimentibus
454 3403 618 3469 redderet:
673 3405 834 3489 ingentem
875 3403 1044 3490 pecuniam
1085 3407 1226 3491 potuisse

188 3503 294 3588 redigi
318 3525 358 3568 ex
381 3505 441 3588 his,
466 3509 520 3590 qui
535 3510 704 3574 multorum
719 3510 818 3574 vincti
833 3511 971 3576 virorum
994 3511 1121 3576 fortium
1138 3533 1227 3576 occu-

188 3617 300 3692 parent
323 3630 443 3676 manus.
489 3612 530 3677 Et
560 3635 642 3678 nunc
671 3635 865 3700 magnopere
896 3635 1035 3698 censere,
1068 3624 1103 3681 ut
1132 3639 1227 3683 unam
1247 3635 1278 3682 12

188 3733 283 3778 anum
296 3721 328 3778 et
339 3714 419 3780 duas
432 3718 567 3802 puellas,
582 3719 729 3783 itinerum
745 3721 971 3803 agminumque
987 3721 1225 3806 impedimenta,

187 3827 263 3880 XXX
294 3819 422 3886 milibus
444 3821 599 3888 talentum
621 3825 690 3888 auri
714 3833 880 3909 permutet.
920 3824 1068 3910 Opimum
1091 3849 1227 3910 regnum
1247 3843 1278 3891 13

189 3940 347 4008 occupare
377 3943 472 4009 posse
504 3926 699 4009 condicione,
732 3949 796 3994 nou
825 3928 921 4008 bello,
952 3949 1012 3994 nec
1036 3949 1227 4014 quemquam

1089 4053 1121 4105 5*
