3040 4318
269 225 331 290 100
658 227 688 294 o.
708 225 817 281 ouum
834 209 922 281 num

267 431 378 516 populi
409 437 584 515 contegunt
613 431 709 516 ripas,
744 431 790 496 ita
818 438 854 496 ut
883 431 995 516 procul
1024 420 1202 496 visentibus
1233 449 1306 496 eon·

265 536 389 600 tinuata
420 535 592 601 videantur
625 535 786 602 montibus
819 555 951 601 nemora
979 535 1130 621 riparum.
1177 535 1305 620 Quippe

266 640 472 706 obumbratus
495 640 600 706 amnis
622 660 734 726 presso
758 640 791 705 in
814 641 916 706 solum
938 641 1030 705 alveo
1054 639 1221 722 delabitur,
1250 640 1305 706 im-

265 744 450 827 minentque
481 744 589 826 colles,
620 744 684 828 ipsi
707 763 834 828 quoque
863 743 1031 808 frondibus
1061 743 1147 825 laeti,
1178 743 1305 810 radices

230 857 375 914 9eorum
408 847 540 914 humore
574 849 741 914 subeunte.
795 848 898 931 Regio
931 867 995 914 non
1028 848 1094 914 alia
1126 855 1193 914 tota
1226 848 1305 914 Asia

265 952 422 1018 salubrior
455 951 607 1018 habetur:
647 959 803 1036 temperat
840 951 964 1017 caelum
1001 951 1077 1017 hine
1114 959 1305 1037 perpetuum

264 1056 376 1139 iugum
399 1077 535 1141 opacum
558 1062 591 1122 et
613 1057 808 1136 umbrosum,
841 1055 928 1139 quod
953 1062 1061 1122 aestus
1090 1057 1185 1138 levat,
1217 1056 1304 1121 illinc

215 1172 352 1225 romare
374 1159 570 1239 adiunctum,
594 1159 681 1242 quod
703 1159 828 1224 modico
851 1167 961 1246 tepore
984 1167 1087 1225 terras
1108 1160 1207 1226 fovet.
1243 1160 1304 1226 His
1316 1160 1357 1230 14

265 1265 411 1349 captivus
450 1265 604 1348 expositis
642 1265 859 1347 interrogatus
892 1285 913 1328 a
946 1284 1032 1346 rege,
1071 1263 1226 1330 auditune
1262 1286 1304 1330 an

264 1368 365 1433 oeulis
380 1376 544 1453 comperta
559 1368 702 1448 haberet,
723 1389 806 1452 quae
822 1366 952 1447 diceret,
975 1375 1136 1453 pastorem
1152 1389 1187 1434 se
1203 1369 1304 1435 fuisse

265 1479 296 1537 et
319 1491 430 1537 omnes
454 1493 509 1538 eas
532 1474 630 1538 ealles
656 1473 852 1557 percurrisse
880 1472 1060 1557 respondit:
1091 1472 1142 1538 bis
1165 1480 1302 1557 captum,

214 1587 243 1636 11
264 1577 362 1642 semel
385 1575 525 1642 aPersis
549 1576 581 1642 in
597 1575 708 1660 Lycia,
734 1576 848 1642 iterum
870 1578 910 1642 ab
933 1576 1015 1660 ipso.
1052 1575 1144 1642 Subit
1162 1577 1303 1642 animum

263 1680 351 1763 regis
374 1681 528 1746 memoria
551 1679 679 1745 oraculo
710 1680 818 1746 editae
841 1681 951 1747 sortis:
984 1681 1103 1765 quippe
1125 1681 1304 1746 consulenti

262 1805 451 1870 responsum
468 1792 545 1864 crat,
570 1784 685 1850 ducem
701 1786 735 1851 in
750 1785 915 1850 Persidem
931 1784 1064 1850 ferentis
1079 1784 1152 1850 viae
1167 1785 1302 1868 Lycium

212 1899 244 1950 12
262 1889 367 1955 civem
389 1889 467 1955 fore.
503 1889 609 1972 Igitur
630 1889 805 1974 promissis,
830 1887 959 1972 quanta¹
972 1895 1004 1954 et
1026 1908 1179 1974 praesens
1193 1908 1303 1954 neces-

262 1993 340 2059 sitas
377 1994 530 2076 exigebat
568 2001 600 2059 et
637 1993 738 2078 ipsius
775 1993 903 2059 fortuna
940 1993 1097 2078 capiebat,
1137 1999 1302 2058 oneratum

262 2097 379 2162 armari
401 2097 489 2162 iubet
513 2097 726 2163 Macedonum
749 2118 836 2163 more
860 2105 899 2182 et,
930 2096 1017 2180 quod
1046 2098 1130 2162 bene
1155 2104 1301 2176 verteret,

261 2209 436 2266 monstrare
460 2202 522 2266 iter
544 2202 691 2286 quamvis
713 2201 849 2266 arduum
873 2209 904 2268 et
928 2220 1099 2286 praeceps:
1132 2220 1301 2267 evasurum

262 2325 297 2371 se
320 2325 391 2371 esse
415 2327 486 2370 cum
509 2307 630 2391 paucis,
653 2307 715 2372 nisi
737 2307 820 2372 forte
835 2305 989 2390 crederet,
1012 2325 1077 2388 qua
1091 2305 1161 2390 ipse
1176 2305 1302 2390 pecoris

262 2429 359 2475 causa
380 2406 468 2491 isset,
500 2411 720 2476 Alexandrum
749 2431 808 2496 pro
838 2411 940 2494 gloria
970 2417 1003 2475 et
1027 2417 1183 2494 perpetua
1204 2408 1301 2474 laude

212 2513 309 2581 mire
343 2535 406 2578 non
441 2533 545 2600 posse.
593 2516 699 2580 Etiam
732 2521 827 2598 atque
862 2515 958 2580 etiam
996 2513 1111 2580 dooere
1145 2513 1300 2600 captivus,

263 2636 357 2698 quam
390 2617 522 2684 difficile
552 2619 614 2684 iter
644 2627 738 2699 esset,
769 2619 908 2684 maxime
936 2618 1077 2684 armatis.
1122 2618 1204 2683 Tum
1234 2639 1299 2699 rex,

258 2721 453 2801 ‘Praedam’,
492 2723 605 2806 inquit,
641 2726 706 2789 ‘me
738 2723 859 2808 accipe,
896 2723 1057 2788 neminem
1090 2743 1209 2803 eorum,
1246 2721 1300 2804 qui

212 2843 244 2892 11
262 2833 445 2908 sequuntur,
469 2835 688 2892 recusaturum
710 2827 766 2910 ire,
798 2847 862 2910 qua
884 2827 1001 2892 duces.³
1048 2827 1179 2893 Cratero
1202 2826 1302 2910 igitur

262 2927 305 2992 ad
343 2929 522 2996 custodiam
556 2938 732 2997 castrorum
765 2931 878 2996 relicto
911 2950 985 2997 eum
1017 2929 1189 3016 peditibus,
1229 2929 1301 3013 quis

261 3039 457 3114 assueverat,
491 3043 523 3100 et
556 3035 597 3102 iis
627 3036 738 3121 copiis,
774 3056 852 3119 quas
886 3025 1052 3118 Meleager
1085 3034 1231 3116 ducebat,
1267 3041 1300 3100 et

263 3137 440 3219 sagittariis
471 3139 631 3221 equitibus
655 3151 686 3203 M
714 3140 881 3225 praecipit,
914 3148 959 3221 ut,
983 3145 1157 3205 castrorum
1192 3137 1299 3222 specie

263 3249 421 3322 manente,
452 3244 560 3326 plures
592 3242 632 3308 dc
651 3243 810 3309 industria
838 3243 931 3326 ignes
962 3243 1031 3308 fieri
1061 3242 1204 3326 imperet,
1236 3261 1300 3325 quo

262 3344 367 3426 magis
396 3345 521 3412 barbari
556 3347 697 3428 credant,
720 3347 827 3432 ipsum
860 3367 971 3430 regem
1004 3347 1037 3410 in
1070 3346 1185 3412 castris
1215 3365 1298 3412 esse.

211 3467 243 3516 15
262 3446 419 3532 Ceterum,
446 3451 473 3516 oi
496 3451 578 3517 forte
601 3452 834 3517 Ariobarzanes
853 3451 1066 3535 cognovisset,
1089 3440 1147 3535 per
1168 3449 1298 3516 callium

262 3550 425 3618 anfractus
448 3555 574 3637 intrare,
599 3563 631 3621 et
661 3556 702 3620 ad
722 3555 942 3639 occupandum
972 3555 1034 3620 iter
1060 3574 1152 3620 suum
1174 3560 1298 3638 partem

262 3655 424 3738 copiarum
461 3666 649 3743 temptasset
686 3679 857 3744 opponere,
912 3659 1062 3725 craterus
1100 3678 1173 3723 eum
1209 3657 1297 3722 illato

262 3764 381 3825 terrore
419 3763 578 3843 retineret,
616 3762 659 3827 ad
692 3763 822 3850 propius
856 3763 1035 3848 periculum
1069 3781 1297 3827 conversurum

212 3882 243 3932 16
261 3881 393 3947 agmen:
429 3865 478 3930 sin
512 3873 618 3930 autem
651 3866 721 3950 ipse
754 3867 880 3931 hostem
913 3865 1083 3931 fefellisset
1118 3873 1149 3930 et
1182 3865 1296 3930 saltum
