3040 4318
405 224 657 280 HISTORIARUM
677 225 892 280 ALEXANDRI
910 226 935 278 V
953 228 976 278 2.
996 229 1020 280 3.
1195 227 1236 290 97

198 428 332 511 Agriani
363 430 431 496 fere
460 442 490 495 Μ
520 431 661 497 Tauroni
690 431 855 516 praefecto
890 431 956 496 dati
990 453 1029 497 ac
1060 441 1131 516 post
1161 433 1238 498 solis

195 553 346 600 occasum
375 535 436 601 iter
464 535 591 620 ingredi
621 535 708 601 iussi.
754 536 830 621 Ipse
860 536 954 601 tertia
982 537 1094 619 vigilia
1124 537 1271 603 castris7

195 635 290 704 motis
326 639 413 705 circa
449 639 529 704 lucis
566 646 670 704 ortum
708 646 838 725 superat
875 639 1042 723 angustias
1078 660 1237 724 caesaque

195 741 331 806 materia
369 743 508 809 cratibus
542 751 573 810 et
607 743 724 828 pluteis
761 743 927 825 faciundis,
966 748 1009 825 ut,
1045 744 1100 828 qui
1132 751 1236 809 turres

193 844 411 928 admoverent,
443 854 535 912 extra
564 847 622 913 teli
652 847 772 913 iactum
803 854 919 928 essent,
950 846 1061 912 urbem
1087 847 1235 913 obsidere

193 950 309 1034 coepit.
337 951 513 1038 Praerupta
535 958 625 1018 erant
644 953 759 1033 omnia,
776 952 864 1018 saxis
880 959 913 1017 et
928 951 1052 1018 cotibus
1068 952 1233 1036 impedita.
1253 964 1270 1015 8

192 1053 303 1120 Multis
325 1074 402 1138 ergo
425 1057 610 1122 vulneribus
635 1055 769 1140 depulsi,
794 1062 828 1121 ut
844 1056 959 1139 quibus
975 1075 1038 1120 non
1054 1055 1233 1121 cumbusta

192 1160 304 1241 solum,
329 1160 387 1225 sed
411 1162 506 1227 etiam
530 1182 602 1227 cum
624 1162 695 1227 loco
719 1160 936 1227 dimicandum
959 1168 1053 1242 esset,
1085 1162 1233 1227 subibant

191 1271 308 1346 tamen,
344 1267 419 1349 quia
448 1287 505 1332 rex
535 1266 619 1332 inter
648 1267 767 1352 primos
801 1267 997 1347 constiterat,
1020 1267 1267 1350 interrogauero

188 1373 236 1432 tot
259 1368 385 1434 urbium
407 1369 545 1436 victores
563 1391 605 1434 an
627 1371 853 1436 erubescerent
869 1370 1002 1435 haerere
1016 1369 1050 1434 in
1066 1369 1232 1435 obsidione

192 1472 317 1536 castelli
341 1474 451 1557 exigui
475 1482 506 1540 ct
529 1474 690 1557 ignobilis,
711 1475 804 1539 simul
833 1475 1021 1555 admonens,
1050 1473 1232 1538 Tauronem

190 1598 267 1639 mour
291 1577 458 1641 ancilium
483 1600 544 1642 esse
568 1579 724 1644 latreum.
769 1579 856 1643 Inter
883 1577 961 1644 haec
992 1577 1115 1644 eminus
1145 1584 1231 1662 pete·

188 1681 297 1746 batur:
330 1701 425 1766 quem
447 1682 607 1748 testudine
631 1684 757 1749 obiecta
786 1683 967 1749 milites-
991 1689 1026 1747 ut
1049 1681 1228 1764 decederet,

137 1783 173 1855 ll
193 1785 374 1870 perpellere
403 1788 591 1870 nequierant
621 1825 663 1834 —
692 1788 871 1852 tuebantur.
928 1785 1070 1852 Tandem
1100 1787 1229 1851 Tauron
1249 1797 1282 1848 10

190 1909 287 1972 super
317 1911 422 1956 arcem
452 1891 540 1957 urbis
570 1911 606 1956 se
636 1911 707 1956 cum
741 1911 798 1956 suo
832 1890 963 1972 agmine
998 1889 1152 1955 ostendit:
1187 1887 1228 1953 ad

188 1991 279 2058 cuius
303 2001 509 2078 conspectum
532 2002 564 2060 et
587 1994 724 2061 hostium
746 1993 843 2058 animi
867 1994 975 2058 labare
990 2000 1022 2057 et
1038 1992 1229 2059 Macedones

188 2096 294 2162 acrius
331 2098 489 2182 proelium
525 2097 605 2163 inire
643 2105 825 2183 coeperunt.
886 2097 1013 2182 Anceps
1051 2096 1228 2182 oppidanos
1247 2109 1276 2158 11

187 2199 307 2264 malum
329 2203 473 2285 urgebat,
504 2223 564 2267 nec
594 2203 663 2269 sisti
693 2203 743 2268 vis
773 2201 911 2266 bostium
933 2208 1067 2286 poterat.
1113 2201 1228 2267 Paucis

186 2303 230 2368 ad
253 2305 462 2388 moriendum,
493 2307 637 2392 pluribus
659 2306 701 2372 ad
729 2307 839 2390 fugam
861 2305 986 2371 animus
1009 2305 1077 2387 fuit,
1108 2326 1227 2390 magna

185 2427 262 2492 pars
286 2408 318 2472 in
346 2430 456 2476 arcem
485 2410 651 2476 concessit.
699 2409 778 2476 Inde
808 2419 885 2472 XXX
912 2409 1089 2474 oratoribus
1118 2409 1225 2475 missis

184 2510 227 2574 ad
252 2510 488 2598 deprecandum
510 2515 602 2580 triste
625 2533 814 2599 responsum
836 2534 856 2577 a
878 2533 955 2596 rege
979 2511 1131 2594 redditur,
1161 2533 1225 2577 non

186 2634 259 2684 esse
282 2617 395 2683 veniae
417 2619 533 2684 locum.
578 2619 700 2700 Itaque,
732 2617 958 2702 suppliciorum
989 2634 1116 2698 quoque
1138 2623 1224 2680 metu
1245 2630 1277 2678 12

183 2721 333 2803 perculsi,
358 2723 400 2787 ad
424 2721 638 2805 Sisigambim,
670 2721 769 2785 Darei
791 2727 933 2800 matrem,
966 2720 1089 2783 occulto
1111 2719 1223 2784 itinere

183 2823 357 2908 ignotoque
379 2826 525 2892 hostibus
548 2826 683 2906 mittunt,
709 2824 763 2907 qui
785 2831 939 2908 peterent,
963 2829 998 2888 ut
1020 2823 1223 2907 ipsaregem

182 2927 352 3011 mitigaret,
376 2929 464 2995 haud
486 2931 599 3014 ignari,
623 2929 765 3014 parentis
788 2949 858 2992 earn
880 2927 951 2992 loeo
973 2926 1065 3010 diligi
1087 2927 1221 3010 colique.

181 3030 223 3095 Et
253 3031 398 3098 Medates
428 3034 544 3100 sororis
576 3033 643 3098 eius
674 3029 770 3096 filiam
800 3050 909 3096 seeum
931 3030 1130 3095 matrimonio
1156 3030 1222 3094 iuu-

181 3143 282 3217 xerat,
313 3137 455 3203 Dareum
484 3137 663 3222 propinqua
693 3136 882 3218 cognatione
913 3134 1110 3217 contingens.
1156 3135 1220 3199 Diu
1241 3151 1272 3199 13

181 3239 373 3324 Sisigambis
418 3243 597 3327 supplicum
641 3242 789 3326 precibus
820 3239 1021 3325 repugnavit,
1066 3240 1219 3321 abnuens,

180 3343 439 3428 deprecationem
461 3365 520 3431 pro
542 3345 606 3410 illis
625 3344 794 3410 convenire
810 3343 964 3423 fortunae,
989 3343 1021 3406 in
1038 3363 1100 3424 qua
1116 3351 1217 3407 esset:

178 3448 341 3532 adicitque
356 3458 498 3516 metuere
514 3469 596 3530 sese,
613 3471 654 3514 ne
669 3448 797 3514 victoris
812 3447 1043 3530 indulgentiam
1058 3445 1218 3528 fatigaret,

178 3553 371 3637 saepiusque
402 3553 552 3637 cogitare,
588 3553 748 3637 captivam
778 3569 851 3617 esse
881 3571 915 3616 se
950 3571 1044 3633 quarn
1074 3549 1217 3630 reginam

179 3657 290 3723 fuisse.
325 3657 379 3722 Ad
398 3659 543 3723 ultimum
559 3657 653 3738 victa,
676 3656 790 3722 litteris
805 3653 1024 3719 Alexandrum
1040 3654 1085 3717 ita
1107 3653 1216 3737 depre-
1237 3669 1268 3717 14

176 3770 249 3827 cata
272 3770 329 3843 est,
353 3769 388 3827 ut
409 3762 515 3846 ipsum
538 3767 714 3842 excusaret,
739 3757 824 3842 quod
844 3758 1083 3843 deprecaretur:
1107 3765 1215 3840 petere

175 3885 221 3947 se,
246 3874 281 3930 ut
303 3866 366 3931 illis
390 3885 524 3948 quoque,
549 3864 711 3944 siminus,
737 3863 798 3928 sibi
813 3862 1010 3944 ignosceret:
1034 3880 1092 3944 pro
1108 3880 1215 3926 neces-

227 4000 326 4045 Curttus
340 4001 416 4044 Rufus
429 4011 479 4044 von
494 3999 617 4053 Stangl.
1094 3983 1109 4032 7
