3040 4318
240 214 303 278 140
630 214 660 281 Q.
681 213 789 268 CURTI
808 212 895 268 RUFI

239 439 369 503 operum
402 437 466 484 non
499 417 579 483 alios
614 437 750 502 capaces
784 424 896 502 putant
926 438 1020 501 quam
1051 437 1129 502 quos
1160 413 1289 484 eximia

188 539 222 590 30
240 521 347 608 specie
370 520 488 587 donare
513 527 626 586 natura
648 521 782 605 dignata
804 528 862 587 est
900 521 1049 588 Ceterum
1071 522 1275 606 interrogata,

239 648 314 691 num
332 624 454 708 aliquid
472 633 582 711 petere
604 624 710 706 vellet,
735 625 822 690 haud
838 626 995 692 dubitavit
1009 625 1104 692 fateri
1126 626 1170 692 ad
1196 647 1278 692 com-

239 729 446 795 municandos
477 750 548 795 oum
578 749 655 812 rege
685 729 802 795 liberos
832 749 867 794 se
897 730 1032 811 venisse,
1065 729 1204 813 dignam,
1237 751 1278 795 ex

240 855 303 917 qua
326 834 402 918 ipse
431 833 523 916 regni
552 839 721 917 generaret
753 831 906 898 heredes:
941 833 1085 898 feminini
1115 853 1211 899 sexus
1242 853 1277 898 se

107 993 109 996 .
189 953 220 1004 31
240 945 441 1018 retenturam,
465 957 596 1002 marem
629 936 827 1002 reddituram
860 937 953 1021 patri.
1010 937 1202 1019 Alexander,
1238 960 1279 1002 an

240 1063 311 1107 cum
340 1042 411 1126 ipso
441 1041 578 1106 militare
607 1040 714 1122 vellet,
746 1041 932 1125 interrogat.
977 1042 1019 1106 ,ut
1049 1041 1106 1105 illa
1135 1048 1277 1123 causata,

240 1146 308 1210 sinc
332 1143 464 1210 custode
487 1164 620 1228 regnum
642 1144 818 1227 reliquisse,
845 1152 956 1229 petere
979 1146 1214 1228 perseverabat,
1239 1164 1279 1209 ne

189 1266 223 1316 32
242 1269 277 1314 se
310 1249 431 1313 irritam
465 1250 534 1334 spei
567 1249 655 1315 abire
689 1255 860 1333 pateretur.
905 1248 1019 1314 Acrior
1051 1250 1095 1315 ad
1130 1269 1279 1314 venerem

241 1354 377 1419 feminae
401 1353 516 1438 cupido
540 1374 635 1436 quam
657 1353 753 1436 regis,
786 1359 821 1418 ut
843 1373 963 1438 paucos
991 1353 1061 1418 dies
1084 1353 1278 1434 subsisteret,

241 1459 386 1543 perpulit.
441 1468 506 1522 XIII
541 1458 610 1523 dies
644 1457 677 1522 in
710 1457 897 1540 obsequium
933 1457 1083 1522 desiderii
1122 1457 1190 1522 eius
1227 1457 1280 1522 ab·

241 1562 356 1646 sumpti
387 1570 468 1632 sunt.
515 1563 596 1626 Tum
626 1562 682 1626 illa
712 1581 847 1645 regnum
876 1581 976 1642 suum,
1007 1581 1064 1626 rex
1087 1560 1280 1626 Parthienen

240 1666 429 1752 petiverunt.

700 1770 765 1824 (lan.
784 1771 830 1824 VI.

210 1899 223 1947 1
347 1873 409 1938 Hic
432 1893 508 1938 vero
531 1873 638 1957 palam
669 1873 860 1958 cupiditates
890 1892 964 1938 suas
995 1873 1091 1938 solvit
1121 1873 1333 1956 contium-20

240 1979 380 2060 tiamque
401 1983 434 2042 et
455 1977 712 2057 moderationem,
744 1977 777 2040 in
806 1975 962 2042 altissima
991 1997 1115 2060 quaque
1145 1975 1282 2042 fortuna·

243 2081 413 2148 eminentia
457 2082 549 2162 bona,
594 2081 628 2145 in
672 2080 853 2166 superbiam
896 2101 935 2145 ac
972 2079 1137 2147 lasciviam
1175 2081 1279 2146 vertit.

212 2184 370 2260 2Patrios
407 2205 510 2250 mores
544 2184 809 2270 disciplinamque
842 2184 1051 2250 Macedonum
1088 2205 1201 2269 regum
1234 2204 1281 2250 sa-

242 2291 376 2356 lubriter
404 2296 615 2374 temperatam
645 2296 678 2354 et
708 2289 835 2355 civilem
864 2289 1008 2356 habitum
1041 2291 1128 2355 velut
1161 2289 1282 2354 leviora

243 2394 463 2477 magnitudine
493 2413 551 2458 sua
574 2393 703 2475 ducens,
736 2393 884 2460 Persicae
918 2393 1028 2476 regiae
1061 2415 1121 2479 par
1150 2393 1282 2459 deorum

213 2499 408 2584 spotentiae
438 2495 602 2582 fastigium
632 2497 867 2563 aemulabatur:
902 2498 1006 2564 iacere
1036 2498 1124 2563 humi
1153 2518 1282 2564 venera·

120 2591 122 2600 ’
242 2603 365 2669 bundos
402 2602 507 2688 ipsum
544 2602 760 2687 paulatimque
801 2602 968 2668 servilibus
1006 2601 1188 2668 ministeriis
1235 2609 1283 2668 tot

242 2709 381 2773 victores
406 2707 550 2790 gentium
588 2707 731 2772 imbuere
761 2713 794 2772 et
824 2707 960 2792 captivis
984 2727 1078 2791 pares
1109 2707 1216 2772 facere
1241 2727 1282 2771 ex

209 2812 383 2897 Ipetebat.
438 2812 551 2895 ltaque
580 2831 772 2896 purpureum
803 2810 952 2876 diadema
981 2811 1164 2876 distinctum
1196 2810 1280 2892 albo,

242 2918 336 3000 quale
366 2916 492 2981 Dareus
523 2915 687 2997 habuerat,
724 2915 821 3000 capiti
855 2915 1064 2980 circumdedit
1097 2922 1283 2998 vestemque

241 3021 403 3086 Persicam
437 3019 579 3105 sumpsit,
614 3040 655 3085 ne
688 3039 781 3085 omen
814 3019 942 3102 quidem
977 3019 1105 3101 veritus,
1145 3020 1229 3103 quod
1263 3041 1283 3084 a

208 3126 371 3194 evictcris
394 3125 572 3208 insignibus
595 3125 627 3189 in
651 3122 770 3189 devicti
792 3124 941 3189 transiret
963 3123 1118 3189 habitum.
1164 3125 1206 3190 Et
1228 3125 1283 3190 ille

242 3251 277 3296 se
308 3230 435 3313 quidem
466 3229 569 3313 spolia
598 3229 766 3294 Persarum
796 3235 924 3312 gestare
955 3227 1091 3311 dicebat,
1123 3229 1182 3295 sed
1211 3250 1283 3294 cum

241 3335 304 3400 illis
327 3353 451 3418 quoque
475 3353 578 3398 mores
601 3332 755 3414 induerat,
781 3333 1026 3418 superbiamque
1042 3333 1171 3399 habitus
1186 3333 1283 3399 animi

209 3455 225 3507 6
244 3439 412 3505 insolentia
431 3439 623 3521 sequebatur
641 3438 816 3503 -litteras
832 3456 965 3520 quoque,
980 3457 1059 3520 quas
1079 3438 1110 3502 in
1123 3438 1283 3523 Europam

242 3545 389 3625 mitteret,
422 3543 539 3608 veteris
562 3542 649 3607 anuli
680 3563 807 3625 gemma
838 3542 1037 3626 obsignabat,
1069 3541 1117 3623 iis,
1150 3543 1284 3625 quasin

243 3651 354 3716 Asiam
377 3650 540 3730 scriberet,
565 3648 664 3713 Darei
686 3649 800 3713 anulus
827 3647 1069 3732 imprimebatur
1090 3671 1150 3712 -ε
1173 3655 1209 3712 ut
1231 3668 1285 3732 ap-

246 3762 382 3840 pareret,
405 3775 502 3819 unum
535 3753 674 3818 animum
708 3752 843 3816 ducrum
875 3771 938 3816 non
968 3772 1085 3836 capere
1114 3752 1307 3836 fortunam„

210 3877 225 3926 7
251 3859 379 3924 Amicos
402 3877 478 3923 vero
502 3863 533 3922 et
557 3856 678 3940 equites
702 3893 743 3901 —
765 3855 800 3919 hi
821 3876 957 3938 namque
976 3856 1136 3941 principes
1151 3855 1284 3921 militum
