3040 4318
448 193 699 289 cxsroarxaunx
716 217 932 288 xnnxxunar
950 233 975 286 v
993 237 1017 286 a.
1210 235 1253 300 95

214 441 362 506 aDarco
394 461 434 506 ex
457 441 552 506 India
580 441 684 522 acciti,
716 440 780 505 iarn
810 461 876 504 non
906 446 1016 520 tcrror,
1048 447 1083 505 ut
1106 461 1254 525 sperave·

214 551 292 625 rant,
317 544 536 625 Macedonum,
561 544 618 611 scd
641 543 812 633 auxilium,¹
831 562 910 628 opes
933 540 1011 608 victi
1034 543 1077 608 ad
1099 545 1254 610 victorem

214 648 425 714 transferente
448 649 582 740 fortuna.
630 649 673 714 Ut
695 669 771 714 vero
804 648 917 714 urbem
947 649 1088 729 intravit,
1118 650 1254 715 incredi-
1274 661 1304 713 11

214 753 311 818 bilem
334 773 376 818 cx
398 752 558 819 thesauris
589 773 744 818 summam
775 753 929 837 pecuniae
956 754 1088 837 egessit,
1120 765 1143 818 L
1167 755 1256 820 milia

213 859 369 924 talentum
391 861 517 942 argenti
540 880 604 924 non
633 860 750 944 signati
781 860 892 940 forma,
924 859 982 925 sed
1004 860 1074 925 rudi
1099 862 1251 946 pondere.

215 963 307 1028 Multi
340 984 434 1046 reges
466 972 572 1030 tantas
604 984 682 1049 opes
719 963 816 1046 longa
856 969 963 1030 aetate
1002 967 1248 1048 cumulaverant,
1271 978 1303 1027 12

214 1066 324 1132 liberis
346 1068 558 1151 posterisque,
587 1075 623 1132 ut
645 1067 898 1134 arbitrabantur:
929 1089 1009 1151 quas
1032 1090 1096 1135 una
1119 1070 1198 1136 hora
1222 1072 1254 1135 in

215 1171 338 1236 externi
361 1172 449 1256 regis
471 1191 583 1237 manus
606 1171 722 1237 intulit.
769 1172 922 1238 Consedit
952 1169 1070 1238 deinde
1100 1175 1133 1238 in
1164 1175 1255 1258 regia
1274 1185 1306 1235 13

216 1277 295 1342 sella
317 1279 417 1342 multo
440 1278 617 1343 excelsiore
647 1298 743 1360 quam
773 1299 831 1362 pro
861 1260 973 1344 habitu
997 1279 1147 1364 corporis.
1194 1281 1256 1346 Ita-

216 1402 287 1464 que,
323 1402 395 1447 cum
428 1381 529 1466 pedes
562 1401 720 1446 summurn
754 1381 890 1465 gradum
924 1403 988 1447 non
1023 1384 1256 1467 contingerent,

216 1508 297 1552 unus
327 1507 368 1550 cx
398 1487 496 1570 regiis
530 1487 640 1572 pneris
670 1507 814 1552 mensam
848 1488 991 1554 subdidit
1021 1489 1168 1574 pedibus.
1215 1491 1257 1554 Et
1277 1504 1309 1553 14

217 1611 289 1654 cum
311 1589 496 1675 spadonem,
527 1591 582 1674 qui
604 1590 704 1656 Darei
735 1591 850 1673 fuerat,
882 1593 1154 1675 ingemescentem
1186 1615 1256 1659 con-

217 1695 376 1780 spexisset
408 1717 477 1774 rex,
512 1716 640 1762 oausam
675 1696 854 1761 maestitiae
889 1697 1070 1780 requisivit.
1117 1700 1178 1764 Ille
1212 1700 1256 1764 in·

218 1800 312 1880 dicat,
346 1800 489 1864 Dareum
511 1799 601 1864 vesci
623 1800 656 1863 in
679 1821 718 1864 ca
741 1800 879 1882 solitum,
913 1820 1013 1885 seque
1040 1821 1163 1868 sacram
1188 1803 1257 1868 eius

217 1923 358 1968 mensam
391 1904 433 1968 ad
468 1903 640 1968 ludibrium
674 1904 870 1971 recidentem
903 1907 971 1972 sinc
1005 1907 1146 1973 lacrimis
1184 1928 1255 1972 con-

217 2007 340 2091 spicere
363 2028 425 2071 non
448 2027 554 2090 posse.
601 2008 706 2073 Subiit
729 2029 806 2091 crgo
836 2031 946 2094 regem
975 2011 1169 2076 verecundia
1190 2011 1256 2076 vio·
1276 2023 1307 2074 15

216 2111 304 2177 landi
337 2111 513 2198 hospitales
546 2111 631 2193 deos,
672 2115 799 2196 iamque
833 2115 969 2180 subduci
1002 2116 1141 2197 iubebat,
1182 2137 1254 2180 cum

218 2216 370 2297 Philotas,
407 2216 551 2281 ‘Minime
585 2237 661 2282 vcro
696 2216 777 2282 hacc
811 2218 937 2298 feceris,
970 2240 1036 2300 rex,
1073 2220 1131 2284 sed
1163 2240 1257 2284 omen

219 2341 345 2404 quoquc
367 2321 489 2405 accipe,
520 2341 671 2402 mensam,
704 2343 744 2387 cx
767 2343 831 2404 qua
861 2323 975 2390 libavit
1001 2323 1104 2390 hostis
1135 2323 1259 2409 epulas,
1364 2385 1366 2390 .

217 2428 282 2492 tuis
305 2427 441 2510 pedibus
465 2446 534 2492 csse
557 2427 754 2492 subiectam?

181 2533 200 2604 9
323 2530 402 2611 Rex,
423 2531 565 2596 Persidis
581 2530 675 2596 finem
698 2531 853 2612 aditurus,
872 2529 956 2597 Susa
973 2533 1086 2598 urbem
1101 2531 1258 2598 Archelao
1279 2544 1311 2594 16

219 2641 252 2700 11
274 2633 470 2720 praesidium
492 2644 533 2696 111
555 2634 678 2699 milium
699 2633 841 2704 tradidit.
873 2634 1056 2720 Xenophilo
1078 2635 1161 2700 arcis
1184 2655 1260 2701 cura

219 2737 371 2803 mandata
400 2744 459 2818 est,
490 2737 577 2802 mille
608 2738 822 2804 Macedonum
851 2744 958 2804 111111
988 2740 1141 2822 gravibus
1170 2760 1260 2824 prae

220 2841 325 2907 sidere
362 2841 445 2906 arcis
483 2841 648 2906 custodiae
685 2842 789 2922 iussis,
837 2841 1058 2908 thesaurorum
1097 2843 1259 2908 Callicrati
1278 2857 1311 2906 17
1371 2899 1375 2907 .

220 2945 321 3010 tutela
352 2944 518 3030 permissa,
563 2952 712 3030 satrapea
745 2944 887 3028 regionis
921 2945 1077 3010 Susianae
1110 2946 1260 3012 restituta

220 3048 378 3114 Abulitac.
424 3050 561 3114 Matrem
591 3069 719 3132 quoque
750 3056 781 3114 ct
813 3049 933 3114 liberos
966 3051 1050 3136 repta
1083 3051 1116 3114 in
1147 3051 1259 3116 cadem

221 3154 298 3218 urbe
322 3152 461 3239 deponit.
508 3153 556 3217 Ac
578 3152 662 3218 forte
684 3152 909 3219 Macedonicas
932 3161 1040 3220 vestes
1063 3155 1260 3237 multamque
1280 3167 1313 3218 18

220 3277 394 3342 purpuram
427 3257 511 3322 donc
542 3277 584 3322 cx
614 3256 803 3322 Macedonia
836 3256 898 3322 sibi
931 3257 1060 3322 missam
1095 3277 1167 3322 cum
1200 3258 1260 3340 his,

222 3383 304 3445 quae
327 3362 540 3442 confecerant,
565 3361 648 3427 tradi
666 3361 838 3446 Sisigambi
853 3363 942 3428 iubet
958 3401 998 3410 —
1016 3364 1102 3428 omni
1124 3384 1261 3446 namque

221 3466 342 3532 honore
376 3487 448 3532 eam
479 3473 510 3532 11
540 3467 597 3530 filii
628 3487 754 3549 quoque
784 3467 907 3552 pietate
936 3468 1190 3552 prosequebatur
1221 3507 1262 3515 —

222 3571 459 3654 admonerique,
501 3571 563 3656 ipsi
600 3578 635 3634 ut
673 3571 701 3635 si
738 3571 827 3636 cordi
865 3589 992 3653 quoque
1029 3572 1129 3637 vestis
1167 3579 1259 3654 essct,
1282 3585 1314 3635 19

223 3675 380 3740 conficere
403 3695 473 3739 eam
495 3681 608 3760 neptes
631 3695 704 3740 snas
727 3674 959 3740 assuefaceret:
994 3675 1076 3740 dono
1101 3694 1144 3757 sc,
1180 3696 1262 3759 quac

222 3778 383 3860 docerent,
408 3778 495 3844 darc.
541 3777 594 3842 Ad
616 3779 699 3844 hanc
722 3799 833 3844 vocem
863 3779 1014 3844 lacrimae
1038 3780 1168 3844 obortae
1192 3801 1261 3864 pro

222 3882 334 3948 didere
357 3883 497 3949 animum
519 3883 719 3966 aspernantis
743 3883 777 3947 id
799 3901 931 3948 munus:
957 3882 1076 3967 quippo
1090 3903 1155 3947 non
1171 3883 1260 3947 aliud
