2970 4322
382 184 633 240 HISTORIARUM
650 186 866 242 ALEXANDRI
885 188 910 241 X
930 192 953 242 1.
1074 229 1098 253 ,ν
1123 189 1187 254 285

148 397 343 459 commutare
373 399 528 474 naturam,
557 400 590 458 et
618 413 689 458 raro
713 393 880 476 quisquam
910 413 986 477 erga
1015 395 1099 460 bona
1128 413 1188 460 sue

147 497 224 563 satis
259 503 371 562 cautus
406 505 463 562 est.
510 496 601 561 Idem
634 496 717 562 enim
754 499 851 581 paulo
884 505 960 562 ante
994 498 1187 582 Lyncestem

146 599 366 665 Alexandrum
395 599 535 665 delatum
558 619 578 663 a
600 599 724 664 duobus
754 599 912 666 indicibus
944 600 1095 666 damnare
1124 623 1188 667 non

147 704 350 785 sustinuerat,
382 703 565 770 humiliores
589 723 716 786 quoque
738 724 810 769 reos
833 711 944 769 contra
967 724 1058 770 suam
1081 707 1187 770 volun·
1206 723 1238 773 41

146 814 255 888 tatem,
286 808 361 890 quia
384 809 498 874 ceteris
521 808 713 874 videbantur
735 807 887 890 insontes,
918 829 1032 892 passus
1055 806 1187 892 absolvi,

146 911 292 977 hostibus
314 912 406 978 victis
436 933 537 995 regua
566 912 757 978 reddiderat
780 923 838 976 aut
862 919 1013 994 auxerat:
1047 913 1089 977 ed
1120 913 1187 978 ulti·
1207 931 1240 980 42

147 1035 234 1080 mum
264 1021 372 1082 tamen
402 1017 447 1080 ita
470 1017 511 1081 ab
543 1015 715 1101 semetipso
746 1015 961 1098 degeneravit,
985 1024 1029 1098 ut,
1050 1017 1188 1082 invictus

147 1121 307 1202 quondam
337 1121 492 1186 adversus
515 1120 683 1186 libidinem
706 1121 815 1202 animi,
838 1121 968 1186 arbitrio
992 1117 1088 1187 scorti
1117 1122 1188 1188 aliis

146 1246 247 1308 regna
270 1224 370 1306 daret,
393 1225 465 1290 aliis
487 1225 642 1290 adimeret
663 1225 773 1290 vitam.

573 1379 591 1418 tlt
744 1379 762 1418 ²3

658 1426 677 1465 s

116 1546 137 1618 6
256 1537 365 1602 Isdem
396 1537 462 1602 fere
492 1536 604 1602 diebus
635 1537 756 1603 litteras
789 1534 819 1624 [a
848 1533 966 1622 Coeno]
998 1536 1115 1622 accipit
1148 1536 1188 1603 de
1207 1559 1240 1609 43

146 1644 242 1708 rebus
265 1642 297 1705 in
314 1641 442 1725 Europa
457 1647 489 1706 et
504 1639 583 1704 Asia
598 1640 707 1722 gestis,
731 1641 807 1705 dum
823 1640 892 1725 ipse
907 1639 1034 1704 Indiam
1050 1640 1185 1723 subegit.

147 1745 296 1830 Zopyrio,
336 1744 493 1810 Threciae
525 1744 737 1828 praepositus,
775 1765 848 1808 eum
885 1744 1119 1828 expeditionem
1155 1744 1188 1808 in
1207 1767 1240 1818 44

148 1852 246 1916 Getas
269 1850 398 1930 feceret,
414 1849 673 1933 'tempestatibus
703 1847 915 1934 procellisque
939 1848 1043 1913 subito
1073 1849 1188 1914 coortis

149 1975 224 2019 cum
253 1960 320 2018 toto
352 1952 492 2018 exercitu
522 1970 692 2036 oppressus
723 1959 800 2016 erat.
847 1951 916 2028 Qua
940 1953 1069 2035 cognita
1097 1951 1189 2017 clade
1207 1975 1241 2025 45

149 2057 287 2124 Seuthes
303 2055 455 2140 Odrysas,
478 2055 651 2140 populares
675 2075 758 2136 suos,
771 2055 813 2120 ad
835 2051 1049 2121 defectionem
1064 2076 1189 2140 compu-

147 2161 239 2226 lerat.
285 2159 411 2224 Amissa
433 2157 663 2243 propemodum
685 2159 824 2224 Thracia
846 2179 887 2223 ne
904 2159 1038 2224 Graecia
1060 2158 1189 2242 quidem

148 2263 340 2329 tumultibus
363 2263 552 2326 inconeussa
575 2263 707 2325 mansit.
746 2263 839 2326 Nam
861 2260 1051 2326 Aleuande'r
1069 2263 1188 2348 piutita

148 2380 361 2454 satraparum
390 2366 597 2452 quorundam
620 2367 802 2450 insolentia,
833 2389 945 2452 quum,
976 2367 1056 2430 dum
1079 2368 1115 2430 in
1137 2389 1188 2430 ea-

148 2482 259 2536 tremo'
271 2471 342 2536 erbe
357 2470 514 2534 Indorum
537 2471 642 2534 armis
661 2471 825 2553 attinetur,
841 2493 904 2556 per
917 2493 1047 2536 sumum
1071 2471 1189 2535 scelera

149 2587 247 2662 atque
272 2575 410 2662 flupitia
445 2575 481 2638 in
506 2575 728 2660 provinciales
761 2586 981 2658 emarcuerant,
1016 2585 1190 2640 ceterorum

149 2691 271 2744 metum
290 2679 490 2743 intenderat:
514 2679 581 2763 qui,
595 2679 631 2741 in
645 2679 788 2764 paribus
809 2679 934 2743 delictis
956 2680 1043 2743 idem
1067 2677 1188 2744 admis-

149 2807 258 2849 sorum
265 2783 457 2869 praemium
469 2791 677 2866 aspectantes,
690 2783 726 2846 in
738 2785 1033 2848 mercennariorum
1045 2784 1190 2848 militum

139 2889 246 2971 fldem
270 2887 514 2972 confupiebant,
538 2886 668 2951 illorum
692 2888 855 2969 munibus,
878 2889 907 2952 si
930 2889 976 2952 ud
995 2889 1189 2976 mppliaium

142 3001 359 3078 poscerentur,
383 2991 518 3054 salutem
534 3013 628 3055 suam
644 2992 795 3073 tutaturi,
819 3002 878 3056 aut
885 2993 1041 3077 pecunia,
1065 3003 1190 3078 quanta
1221 3064 1231 3083 ,

142 3106 283 3183 poterut,
318 3105 431 3159 coacta
445 3095 572 3181 fupam
595 3095 734 3160 inibant.
780 3095 833 3160 Ea
856 3117 891 3159 re
913 3097 1040 3182 capnitu
1064 3096 1190 3161 litterae

151 3202 198 3266 ad
221 3223 327 3265 omnes
348 3197 451 3264 Asiae
466 3209 633 3284 praetores
655 3199 773 3264 missae
796 3210 879 3282 sunt,
906 3201 1021 3286 quibus
1043 3201 1192 3286 inspectis

150 3305 319 3390 evestipio
348 3325 454 3368 omnes
476 3303 663 3389 pereprinos
692 3303 821 3385 milites,
856 3305 914 3388 qui
943 3305 1104 3390 stipendia
1134 3305 1190 3368 sub

150 3410 230 3495 iprsis
258 3409 423 3494 facerent,
461 3409 620 3471 dimittere
655 3408 858 3472 iubebantur.
904 3409 990 3474 Idrat
1027 3411 1110 3473 inter
1143 3431 1192 3473 eos

150 3513 334 3598 Harpalus,
365 3535 458 3598 quem
481 3510 680 3595 Alenander,
712 3513 796 3597 quod
819 3515 854 3578 ob
878 3514 981 3599 ipsius
1004 3515 1191 3578 amicitiam

151 3617 229 3682 olim
254 3642 274 3680 a
298 3617 451 3702 Philippo
474 3617 589 3680 eiectus
611 3617 713 3682 solum
736 3619 886 3699 vertisset,
913 3619 997 3682 inter
1009 3619 1192 3700 fidissimos

149 3721 289 3785 babebat
318 3732 346 3784 et
372 3731 445 3806 post
474 3721 608 3784 Mazaei
641 3731 773 3785 mortem
802 3733 955 3807 satrapea
986 3719 1191 3808 Babyloniae

150 3827 331 3890 donaverat
367 3827 652 3911 thesaurorumque
689 3828 852 3891 custodiae
887 3823 1117 3912 praefecerat.¹
1159 3829 1192 3890 Is
