2976 4322
290 181 352 246 192
679 183 709 249 Q.
729 182 838 237 CURTI
857 181 944 235 RUFI

289 386 384 452 duum
407 387 451 452 ad
471 397 524 450 ΧΙΙ
545 387 633 452 milia
655 387 770 452 effecta
793 386 863 452 sint.
899 386 1030 468 Iamque
1045 384 1087 450 ad
1102 383 1329 450 transeundum

288 490 394 555 omnia
409 497 604 576 aptaverant,
622 511 694 556 eum
713 491 811 574 legati
829 490 1022 575 Scytharum
1038 500 1098 571 XX,
1122 509 1208 554 more
1224 488 1329 572 gentis

291 615 348 679 per
372 602 477 660 oasoa
499 595 588 677 equis
612 594 704 676 veoti,
730 595 875 660 nuntiare
897 595 1006 659 iubent
1027 593 1106 677 regi,
1138 593 1219 658 velle
1242 592 1329 676 ipsos

256 698 334 762 ead
367 719 439 764 eum
472 699 623 764 mandata
658 699 807 784 perferre.
853 697 993 764 Admissi
1026 697 1059 761 in
1092 696 1330 762 tabernaoulum

289 803 428 886 iussique
452 801 616 869 oonsidere
632 804 664 868 in
680 805 768 868 vultu
783 803 868 886 regis
885 803 1060 868 defixerant
1075 802 1200 866 ooulos:
1225 799 1330 881 oredo,

237 967 241 980 ,
291 907 371 989 quis,
384 907 602 990 magnitudine
618 909 760 992 eorporis
775 908 915 974 animum
927 905 1176 986 aestimantibus,
1188 903 1332 969 modieus

241 1023 273 1072 ιο
292 1011 419 1076 habitus
453 1011 700 1095 haudquaquam
734 1012 840 1078 famae
874 1033 933 1097 par
966 1010 1141 1078 videbatur.
1200 1009 1331 1093 Soythis

291 1124 397 1182 autem
419 1139 491 1197 non,
515 1124 549 1181 ut
565 1117 677 1182 oeteris
697 1117 849 1198 barbaris
873 1115 960 1181 rudis
976 1123 1008 1181 et
1023 1115 1165 1180 inoondit
1153 1122 1203 1180 tus
1220 1135 1331 1180 sensus
1387 1118 1388 1122 ’

292 1227 356 1286 est:
389 1220 517 1304 quidam
540 1241 648 1286 eorum
671 1221 859 1306 sapientiam
890 1240 1014 1303 quoque
1037 1241 1153 1306 capere
1176 1221 1285 1286 dieunt
1273 1229 1332 1301 tur,

243 1336 273 1384 11
293 1331 390 1407 quant
391 1345 579 1407 amoumque
607 1346 687 1408 gens
718 1325 803 1409 eapit
833 1345 958 1410 semper
980 1332 1111 1390 armata
1157 1324 1219 1406 Sio,
1252 1345 1334 1408 quae

292 1432 415 1496 locutos
446 1450 516 1494 esse
547 1429 633 1515 apud
662 1451 772 1513 regem
802 1430 972 1494 memoriae
1003 1428 1161 1514 proditum
1191 1437 1247 1510 est,
1226 1431 1336 1496 t-ab

292 1535 422 1599 horrent
434 1534 566 1599 forsitan
588 1534 727 1599 moribus
743 1534 988 1616 hominibusque
1004 1533 1128 1616 nostris,
1145 1541 1177 1599 et
1191 1542 1336 1620 tempora

294 1647 326 1704 et
349 1639 477 1722 ingenia
500 1639 633 1702 oultiora
655 1638 782 1704 sortitis.
829 1638 893 1706 Sed
916 1645 951 1703 ut
973 1639 1073 1723 possit
1103 1639 1202 1705 oratio
1227 1661 1335 1708 eorum

294 1744 413 1829 sperni,
443 1751 550 1808 tamen
568 1742 650 1807 *fides
674 1750 782 1808 nostra
808 1761 871 1808 non
900 1743 1012 1808 debet:
1044 1764 1134 1827 quae,
1165 1752 1337 1830 utcumque

294 1855 367 1913 sunt
389 1847 514 1928 tradita,
538 1847 719 1932 incorrupta
741 1847 946 1932 perferemus.

243 1968 275 2016 12
387 1952 488 2035 Igitur
496 1972 591 2016 unum
600 1972 640 2015 ex
648 1949 706 2032 his,
716 1951 887 2016 maximum
896 1959 981 2033 natu,
990 1953 1129 2018 loeutum
1137 1955 1336 2039 aooepimus:

289 2058 336 2122 ‘Si
359 2056 392 2121 di
415 2056 557 2121 habitum
576 2055 716 2140 oorporis
735 2055 780 2119 tui
796 2055 941 2120 aviditati
957 2057 1053 2120 animi
1068 2079 1177 2144 parem
1193 2079 1263 2124 esse
1279 2064 1388 2138 ιιι-34

293 2163 433 2243 luissent,
444 2161 528 2227 orbis
536 2169 567 2226 te
579 2182 642 2226 non
658 2166 803 2245 eaperet:
820 2161 920 2226 altera
932 2182 1027 2226 manu
1043 2159 1216 2245 Orientem,
1234 2166 1336 2230 altera

293 2265 499 2332 Oooidentem
515 2265 714 2349 contingeres
727 2271 768 2346 et,
788 2264 849 2330 hoo
868 2273 1044 2348 assecutus,
1060 2267 1141 2333 seire
1157 2270 1264 2349 vehes,
1280 2269 1335 2334 ubi

247 2382 278 2432 13
296 2372 375 2436 tanti
383 2370 520 2436 numinis
528 2369 634 2453 fulgor
641 2368 839 2434 oonderetur.
850 2369 902 2434 Sio
910 2390 1034 2452 quoque
1042 2372 1247 2457 oonoupisois,
1255 2393 1337 2456 quae

293 2499 356 2542 non
387 2476 485 2561 capis.
541 2473 592 2539 Ab
622 2474 751 2558 Europa
780 2473 862 2558 petis
892 2472 1012 2555 Asiam,
1045 2495 1085 2540 ex
1114 2475 1193 2542 Asia
1221 2478 1336 2544 transis

295 2581 327 2646 in
352 2581 529 2665 Europam:
562 2577 686 2657 deinde,
718 2577 744 2642 si
767 2576 938 2644 humanum
968 2599 1069 2662 genus
1096 2598 1188 2645 omne
1211 2601 1338 2666 supera-

297 2687 389 2766 veris,
415 2705 487 2750 oum
512 2683 600 2749 silvis
623 2690 655 2748 et
677 2682 801 2748 nivibus
825 2689 856 2747 et
879 2680 1058 2748 fluminibus
1073 2683 1212 2768 ferisque
1227 2687 1337 2753 bestiis

248 2799 281 2848 14
299 2799 446 2875 gesturus
469 2809 504 2854 es
528 2789 653 2854 bellum.
700 2786 810 2864 Quid?
843 2794 877 2852 tu
899 2786 1027 2870 ignoras
1050 2790 1179 2855 arbores
1202 2812 1336 2875 magnas

296 2895 350 2960 diu
373 2913 525 2974 creseere,
549 2913 613 2958 una
627 2892 707 2956 hora
723 2890 899 2976 extirpari?
934 2890 1054 2957 Stultus
1070 2899 1127 2973 est,
1145 2893 1200 2975 qui
1215 2893 1335 2961 fructus

296 3021 403 3066 earum
428 3005 561 3082 spectat,
585 2994 783 3061 altitudinem
806 3016 869 3061 non
891 2995 1027 3060 metitur.
1073 2996 1163 3078 Vide,
1187 3019 1236 3080 ne,
1262 2998 1336 3064 dum

297 3104 339 3169 ad
366 3124 518 3168 eaoumen
540 3099 707 3186 pervenire
730 3098 903 3180 contendis,
936 3119 1007 3164 oum
1030 3100 1106 3186 ipsis
1129 3101 1233 3184 ramis,
1258 3123 1336 3186 quos

246 3215 277 3265 15
297 3205 584 3293 comprehenderis,
609 3203 749 3270 decidas.
795 3203 860 3268 Leo
895 3223 1019 3286 quoque
1049 3205 1219 3287 aliquando
1249 3207 1337 3274 mini-

294 3333 416 3378 marum
436 3310 545 3376 avium
567 3296 718 3394 pahulum
740 3306 808 3389 fuit,
840 3315 872 3372 et
894 3307 1012 3372 ferrum
1034 3309 1147 3393 robigo
1170 3312 1334 3380 consumit.

296 3416 385 3481 Nihil
406 3422 472 3480 tam
490 3413 617 3478 firmum
648 3419 704 3492 est,
737 3411 787 3476 eui
817 3411 991 3496 perieulum
1020 3433 1083 3477 non
1113 3413 1153 3479 sit
1176 3414 1272 3480 etiam
1294 3416 1335 3481 ab

246 3528 278 3578 16
297 3519 445 3587 invalido.
501 3517 585 3595 Quid
618 3515 709 3580 nobis
743 3523 849 3580 teoum
884 3516 956 3582 est?
1005 3516 1186 3600 Numquam
1220 3525 1335 3584 terram

295 3633 382 3690 tuam
405 3622 576 3708 attigimus.
624 3619 702 3698 Quis
725 3619 777 3701 sis,
801 3617 885 3684 unde
908 3619 1026 3701 venias,
1051 3621 1165 3686 licetne
1188 3622 1335 3705 ignorare

296 3730 328 3794 in
351 3728 449 3794 vastis
472 3726 559 3794 silvis
583 3721 788 3792 viventibus?
833 3722 902 3788 Neo
933 3723 1051 3789 servire
1081 3725 1136 3789 ulli
1166 3743 1333 3810 possumus

248 3848 279 3898 17
297 3854 357 3899 neo
380 3832 535 3917 imperare
562 3827 787 3898 desideramus.
834 3828 928 3893 Dona
957 3827 1048 3895 uobis
1077 3827 1153 3894 data
1182 3837 1263 3912 sunt,
1293 3851 1333 3900 ne
