2976 4322
256 221 320 286 254
642 220 674 287 Q.
694 218 801 274 OURTI
819 219 906 274 RUFI

1477 293 1482 428 r

258 427 458 511 gloriamque
481 434 631 508 vestram,
656 446 720 509 qua
742 425 914 489 humanum
944 425 1107 508 fastigium
1130 425 1297 506 exceditis,

259 551 378 615 perque
410 538 442 596 et
464 551 536 596 mea
565 531 679 596 invoa
710 529 796 594 etin
826 549 877 594 me
899 537 1007 594 vestra
1036 531 1159 610 merita,
1184 530 1300 613 quibus

258 634 369 702 invicti
385 635 614 713 contendimus,
632 655 686 699 oro
703 629 896 716 quaesoque,
915 655 956 699 ne
971 633 1180 698 humanarum
1195 655 1298 699 rerum

259 738 411 804 terminos
434 737 605 804 adeuntem
628 738 790 802 alumnum
816 738 1126 820 commilitonemque
1150 746 1298 819 vestrum,

208 854 302 908 tane
326 842 431 907 dicam
453 863 573 926 regern,
597 841 761 907 deseratis.
809 840 925 906 Cetera
946 842 1038 907 robis
1054 842 1218 928 imperavi,
1240 843 1300 909 hoc

263 968 360 1012 unum
383 933 546 1012 debiturus
567 966 644 1011 surn.
690 945 772 1010 Etis
794 964 852 1010 vos
867 966 955 1028 rogo,
981 945 1034 1029 qui
1050 945 1131 1010 nihil
1153 967 1301 1029 umquam

263 1051 357 1117 vobis
379 1051 539 1136 praecepi,
565 1049 641 1132 quin
664 1050 783 1134 primus
806 1069 856 1113 me
875 1049 1024 1133 periculis
1046 1049 1223 1132 obtulerim,
1249 1051 1301 1132 qui

261 1175 359 1239 saepe
381 1154 484 1219 aciem
500 1154 604 1238 clipeo
619 1174 690 1218 meo
706 1153 780 1217 texi.
826 1153 875 1218 Ne
891 1153 1086 1237 infregeritis
1109 1154 1141 1218 in
1157 1154 1302 1219 manibus

264 1259 343 1324 meis
366 1259 516 1344 palmam,
541 1278 603 1341 qua
626 1257 798 1322 Herculem
814 1257 1024 1340 Liberumque
1046 1259 1184 1338 Patrem,
1209 1258 1237 1323 si
1259 1258 1303 1322 in-

215 1375 248 1424 30
268 1363 356 1429 vidia
389 1363 514 1444 afuerit,
550 1362 704 1444 aequabo.
757 1362 843 1426 Date
876 1361 938 1426 hoc
971 1362 1119 1446 precibus
1159 1363 1238 1427 meis
1272 1368 1303 1427 et

264 1466 397 1532 tandem
440 1466 635 1531 obstinatum
676 1465 834 1530 silentium
867 1465 1010 1550 rumpite.
1067 1464 1130 1530 Ubi
1169 1474 1218 1531 est
1250 1466 1303 1532 ille

266 1571 396 1651 clamor,
413 1570 590 1635 alacritatis
604 1575 730 1634 vestrae
746 1569 868 1633 index?
891 1569 945 1634 ubi
968 1569 1022 1634 ille
1044 1590 1185 1634 meorum
1200 1571 1303 1635 Mace·

265 1675 381 1739 donum
408 1675 541 1740 vultus?
585 1674 658 1738 Non
682 1693 823 1756 agnosco
846 1693 914 1754 voa,
937 1672 1062 1754 militen,
1087 1693 1148 1739 nec
1170 1673 1303 1756 agnosci

263 1778 376 1844 videor
400 1801 419 1843 a
442 1779 543 1844 vobis.
590 1777 711 1844 Surdas
732 1777 916 1842 iamdudum
935 1797 1027 1843 aures
1049 1779 1151 1861 pulso,
1175 1798 1304 1843 aversos

208 1894 238 1942 31
259 1884 382 1947 animos
398 1889 430 1947 et
445 1882 599 1948 infractos
616 1882 755 1947 excitare
771 1881 886 1946 conor'.
910 1882 1052 1965 Cumque
1066 1882 1112 1946 illi
1128 1882 1161 1945 in
1178 1889 1295 1947 terram
1306 1881 1343 1952 ll

259 1986 409 2052 demissis
440 1986 598 2071 capitibus
632 1992 739 2050 tacere
768 1993 1019 2070 perseverarent,
1048 1986 1177 2052 ‘Nescio
1204 1987 1300 2069 quid',

261 2090 375 2173 inquit,
399 2091 444 2154 ‘in
467 2111 525 2156 vos
548 2090 731 2175 imprudens
763 2089 892 2172 deliqui,
922 2090 1007 2172 quod
1036 2111 1087 2155 me
1117 2111 1157 2156 ne
1187 2092 1302 2156 intueri

262 2192 392 2277 quidem
419 2195 526 2259 vultis.
572 2195 610 2258 ln
637 2193 808 2259 solitudine
838 2193 913 2258 mihi
937 2193 1047 2259 videor
1076 2213 1156 2260 esse.
1201 2195 1303 2260 Nemo

211 2317 244 2367 32
263 2298 445 2383 respondet,
477 2318 571 2363 nemo
602 2299 715 2363 saltem
745 2305 851 2381 negat.
899 2295 986 2373 Quos
1015 2298 1183 2381 alloquor?
1228 2298 1305 2382 quid

260 2409 368 2467 autem
406 2403 557 2485 postulo?
619 2402 765 2467 Vestram
803 2402 938 2485 gloriam
976 2409 1008 2466 et
1045 2401 1300 2485 magnitudinem

260 2504 470 2571 vindicamus.
518 2505 578 2570 Ubi
602 2511 675 2570 sunt
697 2505 904 2586 illi,quoru1n
927 2511 1088 2571 certamen
1105 2507 1199 2589 paulo
1223 2515 1300 2572 ante

259 2607 336 2691 vidi,
352 2609 619 2690 contendentium,
632 2609 684 2692 qui
698 2609 895 2694 potissimum
907 2609 1068 2674 vulnerati
1083 2611 1169 2694 regis
1186 2631 1302 2696 corpus

260 2712 467 2798 exciperent?
499 2712 651 2795 desertae,
684 2712 854 2778 destitutus
876 2732 954 2797 sum,
984 2713 1129 2778 hostibus
1159 2713 1299 2780 deditus.

209 2837 242 2886 33
263 2818 327 2882 Sed
350 2817 435 2882 solus
466 2837 592 2899 quoque
621 2817 666 2880 ire
697 2817 918 2901 perseverabo
965 2816 1089 2882 Obicite
1119 2837 1170 2882 me
1200 2816 1301 2882 flumi-

259 2922 355 2987 nibus
372 2921 414 2985 et'
425 2920 526 2986 beluis
542 2928 573 2984 et
595 2920 661 2985 illis
677 2920 835 3003 gentibus,
861 2940 992 3002 quarum
1009 2920 1137 2986 nomina
1152 2919 1301 2988 horretis.

260 3025 446 3112 Inveniam,
473 3025 525 3107 qui
560 3024 720 3090 desertum
754 3045 774 3087 a
807 3024 898 3089 vohis
933 3031 1121 3106 sequantur:
1158 3026 1302 3109 Scythae

261 3129 487 3211 Bactrianique
521 3134 612 3193 erunt
646 3148 786 3208 mecum,
825 3128 935 3194 hostes
968 3129 1063 3213 paulo
1097 3136 1182 3210 ante,
1221 3151 1306 3197 nunc

209 3252 243 3302 34
262 3233 380 3298 milites
399 3231 508 3297 nostri.
554 3231 633 3296 Mori
649 3237 790 3316 praestat
814 3252 908 3314 quam
922 3233 1066 3316 precario
1082 3232 1305 3318 imperatorem

261 3357 342 3403 esse.
389 3337 438 3402 Ite
452 3335 587 3401 reduces
603 3335 731 3401 domos!
748 3335 792 3401 ite
809 3336 935 3401 deserto
951 3357 1030 3420 rege
1046 3338 1194 3402 ovantes!
1232 3339 1304 3422 Ego

263 3443 317 3508 hic
347 3465 367 3507 a
396 3440 488 3506 vohis
523 3438 712 3525 desperatae
746 3439 899 3504 victoriae
932 3447 988 3504 aut
1022 3439 1176 3506 honestae
1210 3443 1305 3509 morti

181 3579 185 3590 ·
261 3547 367 3613 locum
393 3543 572 3610 inveniam.⁵

381 3647 383 3652 '
719 3649 784 3702 Otr.
803 3649 851 3702 ΙΠ.

228 3773 240 3821 1
351 3752 401 3818 Νο
432 3753 478 3816 sic
509 3751 636 3834 quidem
671 3750 724 3814 ulli
754 3751 889 3816 militum
922 3773 985 3817 vox
1020 3753 1155 3838 exprimi
1187 3755 1302 3840 potuit.

263 3858 492 3943 Expectabant,
511 3863 546 3920 ut
569 3855 666 3920 duces
683 3854 902 3940 principesque
929 3857 970 3922 ad
993 3878 1101 3941 regern
1118 3859 1304 3944 perferrent,
