2976 4322
290 208 352 271 110
673 206 704 272 Q.
724 206 833 260 CURTI
852 206 939 260 RUFI

285 433 365 499 opus
388 421 445 495 est,
469 434 532 496 qua
554 411 748 478 celeritatem
762 412 887 498 famae
910 412 1091 478 anteoedas.
1130 396 1327 498 Noetu‘per-

285 519 392 585 venire
422 519 496 583 illue
526 525 558 582 te
587 519 668 598 volo,
703 524 830 602 postero
862 516 923 598 die,
959 537 1041 600 quae
1072 518 1192 603 seripta
1224 525 1325 598 erunt,

234 637 266 687 16
285 622 408 706 exequi.
455 621 506 686 Ad
528 621 739 687 Parmeniona
769 641 893 704 quoque
924 621 1076 706 epistolas
1102 621 1196 702 feres,
1228 642 1325 686 unam

278 750 298 792 a
320 748 380 808 me,
404 727 537 791 alteram
559 725 706 792 Philotae
728 725 855 791 nomine
879 726 1039 810 scriptam.
1081 725 1217 810 Signum
1240 725 1327 790 anuli

280 831 347 896 eius
369 831 402 895 in
425 851 497 895 mea
526 837 684 916 potestate
708 836 764 895 111.
793 829 846 894 ‚Si
876 837 967 914 pater
997 828 1107 895 erodet
1141 850 1161 894 1
1183 829 1247 894 filio
1272 829 1328 893 irn-

230 950 261 999 17
280 955 432 1021 pressum,
471 955 543 1000 eum
579 941 611 1000 te
648 933 771 1015 viderit,
811 933 891 998 nihil
923 937 1067 999 metuet'.
1114 932 1358 1018 Polydamas,8

280 1046 370 1104 tanto
393 1039 545 1104 liberatus
568 1044 664 1120 metu,
690 1037 865 1123 impensius
896 1038 992 1103 etiam
1015 1058 1110 1120 quarn
1136 1037 1328 1121 exigebatur

281 1143 435 1230 promittit
468 1162 598 1227 operam
627 1141 889 1225 oollaudatusque
919 1149 951 1207 et
981 1141 1145 1227 promissis
1163 1148 1326 1226 ,oneratus

183 1327 189 1344 ι
233 1261 265 1312 18
283 1247 429 1332 deposita
450 1253 548 1328 veste,
581 1266 675 1329 quarn
705 1246 853 1327 habebat,
885 1245 1025 1312 Arabiea
1058 1246 1207 1311 induitur.
1254 1245 1326 1310 Duo

282 1352 415 1433 Arabes,
454 1371 586 1434 quorum
619 1350 744 1415 interim
778 1351 929 1434 eoniuges
966 1372 1005 1416 ae
1041 1350 1142 1432 liberi,
1166 1350 1326 1414 vineulum

281 1455 364 1537 fidei,
388 1455 515 1521 obsides
538 1454 625 1540 apud
647 1475 757 1539 regem
787 1461 885 1536 erant,
918 1453 984 1519 dati
1007 1455 1149 1520 eomites.
1189 1455 1252 1519 Per
1274 1454 1326 1520 de-

281 1567 368 1626 serta
398 1560 494 1625 etiam
524 1560 565 1624 ob
595 1559 771 1624 siceitatem
801 1560 872 1624 loea
902 1559 1031 1642 earnelis
1061 1558 1232 1624 undeeimo
1263 1558 1324 1640 die,

230 1679 262 1729 19
280 1685 341 1748 quo
379 1664 624 1744 destinaverant,
663 1663 859 1748 perveniunt.
921 1663 961 1728 Et
998 1663 1184 1748 priusquam
1224 1663 1324 1748 ipsius

279 1767 474 1834 nuntiaretur
503 1767 667 1849 adventus,
702 1787 810 1833 rursus
841 1767 1036 1851 Polydamas
1067 1774 1190 1832 vestem
1222 1767 1326 1833 Maee-

280 1872 426 1937 donieam
449 1871 542 1937 sumit
569 1878 600 1937 et
630 1871 663 1936 in
693 1873 931 1937 tabernaoulum
956 1871 1106 1936 Cleandri
1130 1878 1325 1956 -praetor

229 1977 333 2042 211111
366 1976 474 2060 regius
508 1981 577 2042 erat
610 2013 652 2024 -
686 1983 799 2058 quarta
832 1976 943 2060 vigilia
976 1975 1129 2061 pervenit.
1176 1975 1320 2041 Redditis

282 2080 397 2146 deinde
420 2079 531 2145 litteris
555 2079 783 2145 eonstituerunt
805 2080 908 2166 prima
929 2081 1000 2145 lnee
1022 2079 1065 2145 ad
1080 2079 1322 2145 Parmenionem

282 2185 383 2250 eoire:
417 2205 553 2267 namque
587 2185 702 2250 ueteris
737 2205 861 2267 quoque
891 2185 1012 2250 litteras
1043 2184 1129 2267 regis
1160 2185 1319 2248 attulerat.

281 2289 349 2352 Iam
372 2289 414 2353 ad
437 2309 509 2353 eum
524 2288 647 2353 venturi
664 2295 761 2369 erant,
786 2272 858 2352 eum
872 2287 1072 2352 Parmenioni
1088 2286 1323 2370 Polydamanta

229 2409 260 2456 21
281 2392 406 2458 venisse
429 2391 660 2457 nuntiaverunt.
708 2390 769 2468 oui
793 2391 868 2456 dum
890 2391 1024 2456 laetatur
1051 2391 1194 2456 adventu
1215 2391 1317 2472 amiel,

281 2497 436 2579 simulque
459 2495 620 2577 noseendi,
652 2516 733 2578 quae
763 2517 820 2560 rex
849 2501 970 2580 ageret,
1002 2494 1116 2561 avidus
1138 2533 1182 2541 —
1204 2495 1321 2580 quippe

281 2603 378 2686 longo
409 2601 574 2666 intervallo
604 2602 722 2665 nullam
753 2602 794 2666 ab
825 2619 864 2665 eo
895 2600 1061 2684 epistolam
1087 2607 1320 2684 1111111111-

229 2721 262 2770 22
281 2704 514 2789 Polydamanta
547 2704 664 2787 requiri
697 2705 793 2769 iubet.
840 2703 1032 2770 Deversoria
1061 2703 1201 2786 regionis
1234 2703 1318 2768 illius

279 2829 413 2892 magnos
443 2829 587 2875 reeessus
617 2809 736 2874 habent
766 2829 979 2892 amoenosque
1010 2808 1191 2874 nemoribus
1226 2828 1320 2872 manu

280 2914 426 2980 eonsitis:
461 2934 500 2978 ea
533 2913 704 2998 praecipue
738 2933 850 2996 regum
883 2920 1142 2998 satraparumque
1173 2912 1320 2996 voluptas

228 3033 261 3083 23
280 3025 356 3084 erat.
404 3017 607 3102 Spatiabatur
628 3017 661 3081 in
693 3037 823 3082 nemore
852 3017 1050 3097 Parmenion,
1081 3015 1205 3081 medius
1239 3015 1321 3080 inter

280 3122 385 3203 duees,
410 3121 522 3204 quibus
546 3126 614 3186 erat
628 3121 815 3206 imperatum
831 3121 942 3186 litteris
957 3121 1052 3202 regis,
1076 3128 1111 3185 ut
1126 3119 1317 3186 oeeiderent.

279 3225 434 3308 Agendae
463 3232 570 3291 autem
598 3225 645 3290 rei
675 3225 902 3290 constituerant
932 3231 1065 3310 tempus,
1098 3244 1171 3289 eum
1193 3225 1321 3288 Parme-

278 3331 353 3395 nion
383 3351 403 3395 a
431 3329 663 3414 Polydamante
693 3329 814 3395 litteras
844 3329 975 3394 traditas
1006 3331 1114 3412 legere
1145 3327 1317 3412 eoepisset.

227 3449 261 3499 24
279 3434 471 3518 Polydamas
495 3435 606 3517 proeul
627 3434 767 3514 veniens,
799 3440 832 3498 11
855 3455 874 3498 1
896 3433 1105 3499 Parmenione
1129 3440 1319 3517 eonspeetus

281 3546 336 3620 est,
368 3539 457 3603 vultu
481 3537 620 3602 laetitiae
643 3537 783 3622 speeiem
810 3536 1010 3622 praeferente
1039 3536 1082 3602 ad
1108 3537 1319 3621 eompleeten-

281 3642 356 3707 dum
390 3662 461 3708 eum
495 3641 641 3723 eueurrit,
665 3649 835 3724 mutuaque
867 3637 1076 3725 gratulatione
1096 3641 1205 3722 funeti,
1226 3642 1319 3724 Poly-

228 3746 392 3811 redamas
424 3745 590 3830 epistolam
620 3765 640 3809 a
670 3765 748 3828 rege
777 3745 927 3830 seriptam
957 3745 987 3810 ei
1017 3744 1156 3826 tradidit,
1191 3745 1319 3810 Parme

282 3850 365 3931 nion,
393 3849 553 3916 vinoulum
576 3849 728 3934 epistolae
759 3850 893 3930 solvens,
930 3849 1080 3932 quidnam
1110 3869 1167 3914 1111
1197 3856 1317 3931 ageret,
