3040 4318
410 261 661 318 HISTORIARUM
678 261 894 316 ALEXANDRI
911 261 949 315 VI
967 265 991 316 7.
1009 263 1033 316 8.
1182 263 1243 327 147

206 469 317 536 tulisse
347 489 382 534 11
408 468 555 535 affirmat.
601 468 671 546 Quo
694 468 842 552 propiore
872 467 975 550 gradu
1004 467 1162 533 amicitiae
1192 488 1244 534 me
1262 481 1296 532 32

207 574 374 657 contingit,
406 574 469 638 hoc
498 573 600 637 maius
632 579 681 637 est
711 571 972 638 dissimulationis
1002 579 1077 638 tuae
1107 572 1242 654 11111111,

207 686 238 743 et
272 698 334 760 ego
368 677 533 748 Cebalino¹
555 676 661 759 magis
694 697 789 758 quam
823 675 970 740 Philotae
1002 676 1035 741 id
1074 676 1244 742 convenire

205 782 317 848 fateor.
363 782 537 846 Faventem
561 781 662 845 habes
684 779 830 860 iudicem,
859 780 895 860 si,
927 780 1012 862 quod
1033 780 1158 845 admitti
1180 801 1244 845 non

205 885 352 970 oportuit,
391 885 520 950 saltem>
541 885 671 968 pnrgari
708 887 838 968 potest'.
882 883 935 948 Ad
972 884 1053 949 haec
1089 884 1244 965 Philotas,
1262 898 1295 948 33

205 990 292 1054 haud
315 1009 391 1054 sane
413 987 566 1072 trepidus,
597 988 624 1052 11
654 988 777 1052 animus
807 987 897 1052 vultu
926 987 1156 1069 aestimaretur,
1188 986 1244 1052 Ce-

204 1093 345 1158 balinum
368 1092 495 1175 quidem
520 1093 616 1158 scorti
646 1111 824 1158 sermonem
854 1092 897 1156 ad
927 1111 963 1157 11
993 1091 1154 1174 detulisse,
1186 1091 1243 1157 sed

203 1198 316 1282 iprum,
341 1205 406 1262 tam
428 1197 492 1262 levi
515 1203 652 1278 auctore,
678 1196 758 1261 nihil
774 1195 949 1262 credidisse
972 1196 1145 1280 respondit,
1165 1198 1244 1262 veri-

203 1280 277 1384 tum,
309 1324 350 1367 ne
372 1303 510 1385 iurgium
533 1302 616 1366 inter
645 1307 820 1365 amatorem
850 1307 882 1365 et
904 1302 1064 1366 exoletum
1087 1320 1151 1366 non
1174 1303 1243 1368 sine

203 1405 267 1472 risu
289 1407 423 1472 aliorum
446 1406 629 1471 detulisset:
653 1426 725 1470 cum
747 1406 895 1489 Dymnus
918 1413 1018 1472 semet
1040 1406 1242 1488 interemerit,
1263 1415 1296 1466 34

203 1511 444 1593 qualiacumque
475 1517 574 1592 erant,
606 1531 670 1574 non
700 1509 799 1575 fuisse
829 1511 1004 1575 reticenda.
1039 1510 1244 1595 Complexus·

203 1635 263 1697 que
297 1635 408 1698 regem
443 1635 534 1680 orare
565 1615 679 1698 coepit,
714 1621 749 1678 ut
778 1615 982 1698 praeteritam
1011 1616 1109 1680 vitam
1138 1615 1243 1700 potius

202 1728 297 1801 quam
320 1720 455 1804 culpam,
481 1718 598 1783 silentii
620 1726 735 1799 tamen,
760 1739 823 1782 non
839 1719 916 1784 facti
931 1719 1035 1800 ullius,
1059 1720 1241 1784 intueretur.

201 1822 297 1886 Haud
320 1823 417 1888 facile
442 1821 585 1903 dixerim,
614 1823 826 1887 credideritne
849 1823 879 1888 ei
901 1843 959 1888 rex
982 1845 1023 1888 an
1045 1823 1140 1888 altius
1162 1823 1242 1888 iram
1261 1838 1293 1887 35

201 1926 431 2011 suppresserit:
478 1927 642 1992 dexteram
687 1927 912 1992 reconciliatae
957 1928 1081 2010 gratiae
1125 1928 1242 2013 pignus

200 2030 313 2098 obtulit
347 2038 379 2096 et
412 2038 627 2116 contemptum
657 2031 761 2114 magis
792 2051 886 2114 quam
918 2033 1055 2097 celatum
1089 2032 1240 2098 indicium

200 2155 272 2200 esse
295 2135 397 2200 videri
420 2136 480 2202 sibi
504 2135 595 2204 dixit.

639 2313 704 2366 um.
723 2312 797 2366 VIII.

144 2447 188 2519 29
311 2449 477 2514 Advocato
499 2456 566 2514 tum
596 2450 727 2515 consilio
757 2450 937 2532 amicorum,
969 2450 1019 2514 cui
1041 2457 1148 2514 tamen
1170 2449 1243 2514 Phi·
1278 2438 1312 2527 1⁴

196 2555 279 2618 lotas
309 2552 470 2618 adhibitus
504 2573 569 2618 non
603 2560 659 2636 est,
690 2554 925 2619 Nicomachum
953 2554 1111 2619 introduci
1140 2554 1238 2619 iubet.

197 2659 230 2723 11
253 2657 374 2738 eadem,
406 2677 489 2739 quae
511 2656 669 2723 detulerat
699 2658 742 2723 ad
771 2659 910 2740 fratrem,
943 2657 1054 2724 ordine
1077 2659 1235 2744 exposuit.
1274 2684 1291 2736 2

198 2762 276 2826 Erat
300 2760 448 2826 Craterus
477 2762 548 2843 regi
578 2781 671 2827 carus
701 2762 734 2826 in
759 2763 870 2847 paucis
894 2769 925 2827 et
955 2783 993 2829 eo
1016 2764 1172 2844 Philotae,
1197 2764 1237 2828 ob

196 2865 441 2930 aemulationem
452 2865 627 2948 dignitatis
643 2866 813 2931 adversus:
827 2887 931 2948 neque
946 2867 1115 2949 ignorabat
1138 2887 1236 2951 saepe
1272 2893 1287 2943 3

197 2968 373 3034 Alexandri
395 2969 524 3034 auribus
548 2969 645 3034 nimia
666 2970 838 3035 iactatione
861 2971 985 3036 virtutis
1008 2978 1104 3054 atque
1120 2991 1237 3056 operae

197 3093 329 3156 gravem
352 3074 451 3138 fuisse
476 3081 507 3139 et
530 3075 570 3139 ob
594 3095 633 3139 ea
660 3095 724 3139 non
754 3075 883 3157 quidem
913 3076 1051 3157 sceleris,
1084 3075 1143 3141 sed
1165 3094 1240 3140 con-

196 3179 353 3242 tumaciae
375 3185 482 3243 tamen
508 3198 579 3244 esse
603 3186 794 3264 suspectum.
840 3180 914 3244 Non
943 3179 1039 3245 aliam
1070 3181 1236 3266 premendi
1273 3204 1289 3253 4

195 3281 313 3346 inimici
347 3277 550 3348 occasionem
584 3284 739 3368 aptiorem
773 3283 911 3349 futuram
944 3291 1041 3367 ratus,
1078 3285 1151 3351 odio
1182 3305 1239 3351 suo

195 3385 323 3469 pietatis
354 3385 540 3471 praeferens
571 3388 719 3471 speciem,
747 3388 915 3470 ‘Utinam',
947 3390 1058 3472 inquit,
1086 3391 1131 3454 ‘in
1154 3389 1240 3474 prin-

195 3490 277 3576 cipio
312 3510 437 3574 quoque
472 3491 566 3556 huius
600 3492 646 3556 rei
681 3493 846 3558 nobiscum
881 3494 1113 3560 deliberasses!
1162 3495 1238 3559 Sua·
1273 3515 1288 3566 5

195 3595 355 3678 11111111111,
389 3596 416 3661 11
441 3595 587 3661 Philotae
609 3597 710 3662 velles
740 3597 919 3679 ignoscere,
951 3600 1105 3682 patereris
1133 3600 1237 3684 potius

192 3700 342 3783 ignorare
373 3722 453 3783 eum,
490 3709 642 3784 quantum
674 3703 806 3767 deberet
835 3703 902 3784 tibi,
934 3725 1038 3786 quam,
1062 3724 1163 3786 usque
1196 3704 1238 3769 ad

192 3806 302 3871 mortis
325 3814 445 3872 metum
471 3807 644 3872 adductum
669 3809 839 3890 [cogeres],
866 3807 993 3892 saepius
1017 3808 1057 3872 de
1088 3810 1232 3892 periculo

192 3931 249 3975 suo
272 3931 367 3994 quam
390 3911 430 3976 de
456 3919 510 3976 tuo
541 3913 684 3994 cogitare
707 3911 869 3979 beneficio.
916 3913 974 3976 Ille
998 3912 1083 3976 enim
1106 3933 1231 3997 semper

1079 4036 1126 4088 10*
