2976 4322
252 175 315 240 236
637 175 668 241 o.
688 173 797 228 couri
818 174 904 228 num

199 389 231 441 19
249 381 345 446 tibus.
392 381 541 446 Ceterum
564 379 758 461 Alexander,
782 401 854 446 cum
883 380 1050 446 statuisset
1070 379 1225 448 desistere
1248 382 1294 446 in·
1307 381 1353 452 41

249 492 343 570 cepto
367 523 407 533 -
432 485 550 571 quippe
574 484 662 550 nulla
678 503 754 569 spes
769 485 946 570 potiundae
968 491 1080 569 petrae
1100 485 1296 550 offerebatur

249 626 291 636 -
312 596 419 656 tamen
450 590 589 674 speciem
619 589 760 655 ostendit
785 589 818 654 in
849 588 1014 654 obsidione
1038 591 1294 674 perseverantis:

250 715 322 759 nam
353 701 385 759 et
419 693 534 759 itinera
563 692 705 760 obsideri
734 693 828 758 iussit
858 700 891 758 et
920 700 1024 758 turres
1058 693 1225 759 admoveri
1262 701 1297 759 et

197 807 231 856 20
249 796 394 880 fatigatis
415 798 496 870 alios
519 797 697 874 succedere,
745 797 842 862 Cuius
865 795 1040 881 pertinacia
1066 796 1197 880 cognita
1219 798 1297 862 Indi

248 923 306 987 per
326 902 458 967 biduum
483 901 616 984 ,quidem
647 922 686 966 ac
720 900 800 966 duas
828 907 940 966 noctes
975 921 1047 966 cum
1078 902 1294 970 ostentatione

248 1026 311 1071 non
344 1005 479 1072 fiduciae
512 1004 618 1084 modo,
649 1005 707 1070 sed
740 1005 838 1069 etiarn
869 1004 1023 1070 victoriae
1059 1005 1181 1088 epulati
1205 1013 1292 1088 sunt,

196 1117 227 1166 21
248 1117 401 1195 tympana
424 1129 481 1174 suo
504 1129 592 1174 more
608 1109 784 1194 pulsantes.
817 1108 928 1174 Tertia
950 1129 1026 1173 vcro
1050 1114 1143 1174 nocte
1167 1117 1294 1195 tympa-

248 1234 361 1279 norum
393 1213 523 1296 quidem
556 1213 707 1298 strepitus
746 1211 888 1280 desierat
921 1211 1035 1294 audiri,
1072 1219 1214 1279 ceterum
1252 1235 1293 1280 ex

248 1325 315 1384 tota
338 1325 429 1404 petra
451 1317 539 1383 faces
566 1317 780 1400 refulgebant,
805 1335 885 1399 quas
916 1316 1132 1382 accenderant
1153 1317 1292 1399 barbari,

248 1429 283 1487 ut
305 1422 401 1487 tutior
424 1427 508 1487 esset
529 1417 610 1506 ipsis
633 1420 722 1504 iuga,
748 1421 885 1486 obscura
903 1427 998 1486 nocte
1020 1441 1078 1504 per
1100 1419 1188 1486 invia
1212 1440 1294 1486 saxa

198 1535 233 1584 22
253 1526 402 1591 cursuris.
454 1526 523 1590 Rex
564 1525 709 1605 Balacro,
755 1524 809 1607 qui
847 1525 1074 1609 specularetur,
1114 1525 1293 1610 praemisso

248 1630 414 1714 cognoscit
440 1636 564 1715 petram
586 1627 666 1712 iuga
699 1629 851 1694 Indorum
885 1648 956 1694 esse
992 1628 1162 1695 desertam.
1209 1631 1292 1695 Tum

248 1734 324 1799 dato
347 1733 451 1818 signo,
463 1739 498 1798 ut
513 1733 653 1798 universi
669 1733 917 1817 conclamarent,
934 1733 1145 1820 incomposite
1168 1734 1293 1818 fugien-

196 1847 229 1896 23
247 1839 333 1904 tibus
356 1846 474 1904 metum
489 1838 639 1903 incussit:
663 1837 827 1920 multique,
845 1844 1007 1921 tamquam
1022 1837 1154 1904 adesset
1176 1838 1289 1921 hostis,

247 1962 306 2028 per
328 1942 450 2009 lubrica
473 1962 552 2007 saxa
578 1961 699 2026 perque
729 1941 834 2006 invias
865 1949 953 2008 cotes
984 1941 1188 2026 praecipitati
1211 1944 1292 2010 occi·

249 2047 371 2128 derunt,
396 2047 503 2132 plures
530 2045 638 2129 aliqua
668 2045 882 2112 membrorum
904 2051 995 2130 parte
1010 2045 1155 2116 ,mulcati
1181 2046 1223 2111 ab
1246 2047 1291 2112 in·

196 2158 230 2208 24
248 2150 348 2234 tegris
371 2151 491 2216 deserti
515 2157 598 2216 sunt.
635 2151 714 2231 Rex,
738 2151 879 2215 locorum
903 2150 1007 2233 magis
1034 2171 1129 2234 quam
1152 2150 1292 2217 hostium

248 2255 359 2336 victor,
375 2261 482 2320 tamen
498 2274 634 2337 magnac
650 2254 805 2320 victoriae
818 2255 953 2340 speciem
969 2253 1135 2322 sacrificiis
1155 2261 1187 2322 et
1206 2255 1292 2321 cultu

249 2358 344 2424 deum
366 2359 451 2424 fecit.
499 2359 584 2424 Arae
606 2358 638 2424 in
662 2365 755 2443 petra
777 2359 903 2424 locatae
934 2365 1007 2425 sunt
1030 2357 1194 2426 Minervae
1222 2360 1291 2425 Vic-

196 2461 445 2550 25t01·iae[que].
471 2462 769 2543 Ducibusitineris,
794 2483 856 2546 quo
880 2462 987 2528 subire
1014 2463 1152 2529 iusserat
1175 2465 1292 2530 leviter

247 2574 394 2648 armatos,
412 2567 471 2632 etsi
488 2567 653 2652 promissis
670 2567 793 2632 minora
808 2569 1045 2651 praestiterant,
1062 2568 1199 2651 pretium
1219 2588 1289 2632 cum

248 2669 310 2736 fide
333 2671 494 2737 redditum
518 2678 576 2750 est,
600 2679 710 2756 petrae
732 2671 937 2754 regionisque
961 2672 991 2736 ei
1015 2672 1186 2738 adiunctae
1207 2672 1291 2738 Siso-

248 2783 335 2841 costo
358 2776 459 2842 tutela
481 2776 645 2860 permissa.

702 2951 771 3007 Car.
786 2951 845 3004 XII.

214 3104 226 3152 1
350 3087 430 3153 Inde
452 3088 607 3171 processit
630 3088 796 3154 Ecbolima
819 3095 859 3170 et,
885 3110 956 3154 cum
975 3090 1143 3172 angustias
1166 3089 1292 3156 itineris

247 3191 387 3258 obsideri
409 3201 459 3254 XX
482 3192 610 3257 milibus
635 3198 832 3257 armatorum
863 3193 904 3258 ab
928 3193 1021 3258 Erice
1050 3192 1188 3275 quodam
1209 3214 1291 3259 com-

247 3295 392 3381 perisset,
417 3295 547 3378 gravius
570 3316 688 3379 agmen
711 3297 871 3361 exercitus
890 3295 998 3362 Ooeno
1023 3295 1205 3362 ducendum
1227 3319 1291 3363 mo·

212 3400 328 3466 adicis
350 3398 519 3466 itineribus
534 3400 676 3469 tradidit.
710 3401 786 3487 Ipse
801 3417 1012 3485 praegressus
1033 3425 1090 3486 per
1112 3401 1291 3468 funditores

248 3527 286 3571 ac
309 3505 494 3588 sagittarios
514 3505 702 3587 deturbatis,
727 3506 780 3589 qui
797 3505 989 3571 obsederant
1013 3507 1138 3586 saltum,
1159 3525 1291 3590 sequen-

214 3609 332 3675 3tibus
357 3629 392 3677 se
419 3609 521 3695 copiis
544 3609 629 3675 viam
656 3598 741 3676 iecit.
786 3608 870 3691 Indi,
894 3610 964 3675 sive
995 3609 1069 3676 odio
1100 3609 1191 3676 ducis
1222 3611 1291 3677 sive

249 3713 385 3795 gratiam
411 3713 543 3779 victoris
573 3713 690 3796 inituri,
716 3714 831 3779 Ericen
859 3713 1033 3797 fugientem
1063 3714 1167 3781 adorti
1199 3715 1291 3782 inter·

250 3825 394 3884 emerunt
414 3825 574 3903 caputque
597 3819 666 3884 eius
686 3825 784 3902 'atque
800 3839 889 3884 arma
911 3819 954 3884 ad
972 3819 1190 3886 Alexandrum
1206 3819 1291 3886 detu—
