2970 4322
387 207 641 264 HISTORIARUM
659 207 875 264 ALEXANDRI
894 205 971 260 VIIII
989 209 1013 258 7.
1094 213 1097 218 '
1159 203 1222 269 269

180 416 285 500 lisque
308 417 456 484 exornari
480 417 660 483 convivium
682 415 783 482 iussit.
832 425 852 478 Ο
877 413 966 479 aurei
988 409 1062 478 lecti
1091 407 1224 474 modieis

181 521 359 588 intervallis
381 521 475 606 positi
501 529 600 604 erant,
630 520 722 587 lectis
746 517 997 585 circumdederat
1019 516 1133 581 aulaea
1154 533 1225 599 pur·

181 645 261 709 pura
278 644 420 708 auroque
436 625 602 708 fulgentia,
627 623 778 708 quioquid
800 629 856 688 aut
879 620 966 708 apud
981 623 1095 686 Persas
1117 623 1226 684 vetere

182 729 261 794 luxu
283 736 338 794 aut
360 729 446 813 apud
470 728 663 794 Macedonas
686 748 769 794 nova
795 726 1015 792 immutatione
1046 729 1228 810 corruptum

184 839 260 918 erat,
291 833 431 898 confusis
464 833 629 916 utriusque
664 833 769 916 gentis
803 831 889 898 vitiis
923 831 957 897 in
990 831 1047 895 illo
1080 828 1228 894 convivio

131 935 175 1008 29
188 937 369 1002 ostendens.
405 937 562 1002 Intererat
585 933 688 1021 epulis
703 937 883 1024 Dioxippus
900 935 1114 1014 Atheniensis,
1138 932 1229 1017 pugil
1249 940 1281 990 16

185 1041 302 1106 nobilis
325 1048 356 1106 et
379 1041 419 1106 ob
443 1041 592 1106 eximiam
614 1041 765 1106 virtutem
788 1042 902 1107 virium
926 1041 989 1105 iam
1013 1047 1045 1104 et
1067 1037 1137 1122 regi
1161 1058 1229 1122 per-

186 1153 280 1210 notus
315 1152 346 1211 et
380 1152 499 1228 gratus.
557 1145 664 1210 Invidi
698 1146 895 1229 malignique
927 1144 1136 1229 increpabant
1168 1161 1226 1227 per

187 1249 272 1315 seria
294 1256 326 1314 et
348 1249 467 1329 ludum,
481 1250 620 1334 saginati
636 1249 777 1335 corporis
801 1251 892 1333 sequi
915 1249 1061 1314 inutilem
1083 1248 1228 1314 beluam:

188 1373 262 1418 oum
291 1353 353 1438 ipsi
382 1354 540 1438 proelium
569 1354 694 1435 inirent,
730 1353 801 1419 oleo
829 1349 1011 1420 madentem
1040 1370 1231 1438 praeparare

187 1463 332 1522 ventrem
371 1457 482 1543 epulis.
542 1458 664 1523 Eadem
697 1458 796 1541 igitur
829 1458 861 1522 in
898 1457 1043 1523 convivio
1077 1457 1230 1521 Horratas
1250 1461 1282 1512 17

190 1561 324 1626 Macedo
347 1561 412 1626 iam
434 1562 626 1628 temulentus
649 1563 843 1648 exprobrare
870 1563 899 1628 ei
930 1562 1034 1646 eoepit
1065 1567 1097 1626 et
1127 1565 1232 1646 postu-

189 1665 267 1746 lare,
292 1672 336 1746 ut,
361 1667 388 1730 si
402 1665 452 1731 vir
467 1672 558 1746 esset,
584 1673 713 1750 postero
729 1663 782 1731 die
797 1687 905 1732 secum
924 1667 1008 1731 ferro
1032 1661 1232 1731 decerneret:

191 1790 301 1854 regem
317 1769 446 1836 tandem
462 1770 515 1836 vel
531 1769 645 1843 desua
660 1771 838 1836 temeritate
857 1771 910 1836 vel
933 1769 974 1834 de
995 1770 1081 1834 illius
1104 1767 1234 1852 ignavia

192 1873 412 1938 iudicaturum.
445 1875 486 1938 Et
508 1895 528 1938 a
550 1874 724 1960 Dioxippo,
749 1875 955 1960 contemptim
978 1873 1148 1938 militarem
1170 1871 1236 1935 elu-
1256 1878 1288 1928 18

195 1977 290 2042 dente
306 1977 468 2071 ferociam,
486 1985 620 2063 accepta
640 1979 786 2044 condicio
799 1987 857 2061 est,
881 1999 919 2044 ac
942 1985 1071 2063 postero
1095 1977 1146 2043 die
1169 1997 1235 2054 rex,

195 2102 268 2147 cum
291 2081 387 2146 etiam
409 2083 514 2148 acrius
538 2090 697 2149 certamen
725 2090 942 2168 exposcerent,
975 2083 1047 2166 quia
1078 2082 1237 2148 deterrere

195 2207 260 2252 non
282 2193 420 2272 poterat,
451 2186 611 2252 destinata
640 2187 755 2270 exequi
784 2206 899 2271 passus
930 2194 986 2253 est.
1039 2187 1160 2269 Ingens
1189 2184 1238 2250 vis
1258 2189 1289 2240 19

197 2291 334 2356 militum
356 2291 484 2369 coierat,
515 2291 598 2357 inter
628 2311 708 2374 quos
731 2291 844 2356 Graeci
867 2291 1029 2376 Dioxippo
1059 2288 1239 2354 studebant.

198 2393 333 2460 Macedo
356 2395 440 2459 iusta
466 2416 552 2460 arma
580 2403 767 2480 sumpserat,
789 2416 919 2461 aereum
942 2396 1079 2480 clipeum
1101 2395 1239 2458 hastam-

199 2519 261 2582 que
281 2537 320 2544 -
341 2499 474 2564 sarisam
492 2506 608 2565 vocant
624 2536 665 2546 —
681 2499 773 2565 laeva
796 2507 918 2584 tenens,
935 2499 1066 2565 dextera
1083 2499 1239 2577 lanceam,

200 2602 373 2686 gladioque
388 2602 521 2682 cinctus,
544 2603 631 2668 velut
647 2624 719 2668 oum
737 2603 880 2688 pluribus
904 2603 1000 2668 simul
1023 2602 1239 2666 dimicaturus.

201 2706 389 2790 Dioxippus,
417 2707 488 2772 oleo
525 2707 629 2772 nitens
668 2713 699 2773 et
737 2715 914 2787 coronatus,
942 2707 1034 2772 laeva
1071 2705 1240 2790 puniceum
1259 2708 1293 2758 20

201 2810 384 2888 amiculum,
418 2811 529 2875 dextra
558 2810 700 2876 validum
730 2811 949 2894 nodosumque
980 2811 1120 2895 stipitem
1153 2828 1241 2893 prae-

203 2914 334 2979 ferebat.
368 2915 415 2978 Ea
429 2915 501 3000 ipsa
515 2935 565 2979 res
582 2915 721 2979 omnium
737 2916 858 2980 animos
874 2915 1096 2998 expectatione
1112 2931 1243 2996 suspen-

204 3017 304 3098 derat,
340 3017 458 3103 quippe
488 3023 609 3084 armato
639 3019 790 3103 congredi
820 3019 940 3083 nudum
975 3017 1145 3098 dementia,
1180 3035 1243 3080 non

204 3120 368 3186 temeritas
384 3121 560 3188 videbatur.
591 3121 695 3206 Igitur
712 3122 854 3204 Macedo,
877 3121 965 3186 haud
988 3122 1103 3186 dubius
1122 3120 1245 3184 eminus
1264 3125 1295 3174 21

205 3225 339 3290 interfici
367 3245 473 3310 posse,
507 3227 650 3291 lanceam
680 3227 801 3292 emisit:
836 3247 931 3309 quam
961 3226 1141 3310 Dioxippus
1176 3244 1245 3289 oum

207 3330 326 3413 exigua
349 3329 489 3414 corporis
512 3330 724 3396 declinatione
747 3331 890 3410 vitasset,
917 3337 1087 3413 antequam
1109 3329 1164 3392 ille
1195 3326 1247 3391 ha-

208 3441 290 3498 stam
316 3434 501 3499 transferret
523 3435 556 3499 in
579 3434 735 3516 dextram,
766 3433 891 3500 assiluit
914 3439 946 3498 et
972 3434 1080 3518 stipite
1109 3431 1247 3498 mediam

209 3558 280 3603 eam
303 3537 408 3620 fregit.
452 3538 577 3603 Amisso
600 3546 734 3621 utroque
755 3539 821 3604 telo
844 3536 978 3602 Macedo
1005 3537 1148 3620 gladium
1180 3555 1247 3602 coe·
1265 3551 1299 3600 22

209 3649 300 3725 perat
335 3641 498 3725 stringere.
556 3640 667 3722 Quem,
692 3647 880 3727 occupatum
906 3641 1086 3726 complexu,
1111 3639 1247 3723 pedibus

210 3751 342 3829 repente
373 3745 539 3812 subductis
565 3745 748 3830 Dioxippus
778 3745 925 3810 arietavit
953 3744 987 3809 in
1016 3751 1132 3810 terram
1162 3763 1249 3826 erep

211 3855 309 3932 toque
339 3847 452 3932 gladio.
481 3849 595 3933 pedem
630 3868 725 3934 super
759 3847 914 3914 cervicem
948 3847 1064 3914 iacenti
1086 3841 1248 3930 imposuit,
