3040 4318
421 241 671 297 HISTORIARUM
689 241 904 297 ALEXANDRI
924 245 960 298 Vl
978 247 1002 298 4.
1022 248 1045 298 5.
1196 246 1255 310 131

214 447 256 513 ad
277 449 423 514 ultimum
453 447 533 514 fides
567 456 757 516 conservata
787 449 948 516 vincebat.
998 451 1138 518 Comiter
1161 452 1293 535 igiturs

215 560 377 637 exceptus,
405 553 467 617 ‘Tu
491 552 645 635 quidem’,
677 552 788 635 inquit,
817 555 896 635 ‘rex,
928 554 1006 620 deos
1030 573 1159 637 quaeso,
1190 576 1259 640 per-

214 664 310 741 petua
325 656 479 722 felicitate
501 655 634 742 floreas:
658 677 730 739 ego,
754 658 869 722 ceteris
893 658 1006 740 lactus,
1033 658 1093 724 hoc
1108 679 1172 724 uno
1195 667 1255 725 tor-

214 779 320 841 queor,
351 760 437 842 quod
466 760 636 844 praecipiti
666 767 831 826 senectuto
862 761 916 826 diu
947 762 1009 826 frui
1033 769 1088 828 tua
1111 763 1255 828 bonitate

215 885 278 929 non
301 867 450 949 possum?
486 864 762 947 Nonagensimum
785 872 816 930 et
832 867 976 948 quintum
991 887 1109 932 annum
1125 870 1255 950 agebat.

215 967 339 1033 Novem
372 967 513 1048 iuvenes,
551 986 661 1032 omnes
695 966 809 1033 eadem
845 975 946 1034 matre
984 970 1093 1052 geniti,
1134 979 1292 1056 patrem4
1396 969 1401 977 ’

215 1071 465 1136 comitabantur:
500 1071 560 1136 hos
593 1071 772 1136 Artabazus
807 1071 958 1138 dexterae
992 1073 1079 1156 regis
1103 1074 1255 1156 admovit,

215 1183 371 1259 precatus,
403 1183 438 1239 ut
460 1182 526 1240 tam
548 1174 604 1239 diu
633 1175 786 1257 viverent,
818 1176 921 1242 donec
950 1177 1046 1243 utiles
1070 1178 1256 1243 Alexandro

215 1287 330 1344 essent.
388 1280 458 1344 Rex
491 1279 628 1363 pedibus
662 1279 724 1344 iter
756 1279 943 1364 plerumque
981 1281 1140 1347 faciebat:
1178 1289 1288 1347 tunes

216 1383 380 1449 admoveri
414 1383 477 1449 sibi
510 1389 542 1448 ct
572 1382 732 1448 Artabazo
768 1404 866 1466 equos
900 1385 1001 1466 iussit,
1036 1406 1077 1450 ne
1113 1387 1184 1470 ipso
1216 1387 1260 1450 in-

218 1487 384 1570 grediente
406 1487 542 1573 pedibus
565 1507 664 1552 senex
687 1508 768 1570 equo
791 1487 867 1552 vehi
890 1488 1101 1554 erubesceret.

167 1593 206 1664 15
329 1592 373 1657 Ut
395 1590 510 1657 deinde
534 1597 640 1656 castra
662 1599 736 1656 sunt
758 1592 872 1675 posita,
898 1592 1048 1674 Graecos,
1073 1612 1152 1676 quos
1172 1593 1296 1660 Arta-6

216 1696 313 1760 banus
347 1695 534 1776 adduxerat,
573 1695 744 1760 convocari
778 1695 882 1760 iubet:
922 1704 956 1761 at
988 1695 1044 1778 illi,
1081 1697 1143 1762 nisi
1179 1697 1261 1763 fides

215 1797 479 1864 Lacedaemoniis
502 1819 627 1882 quoque
650 1805 682 1863 et
706 1797 939 1884 Sinopensibus
964 1799 1101 1882 daretur,
1128 1819 1260 1886 respon-

217 1901 294 1967 dent
316 1923 360 1984 sc,
392 1903 468 1985 quid
490 1903 652 1986 agendum
681 1902 760 1987 ipsis
791 1903 881 1984 foret,
914 1902 1154 1970 deliberaturos.
1203 1905 1294 1971 Lc·7

218 2007 285 2091 gati
318 2013 408 2072 erant
440 2006 774 2088 Lacedaemoniorum,
803 2007 895 2072 missi
928 2007 971 2072 ad
1006 2009 1163 2073 Dareum:
1197 2030 1259 2091 quo

217 2111 303 2176 victo
339 2111 561 2196 applicuerant
598 2130 633 2175 sc
667 2111 797 2177 Graccis
834 2111 983 2176 mercede
1020 2113 1107 2197 apud
1142 2112 1259 2178 Persas

217 2215 437 2281 militantibus.
483 2216 553 2280 Rex
577 2215 702 2280 omissis
726 2215 933 2299 sponsionum
956 2215 1093 2298 fideique
1116 2217 1293 2302 pignori-o

218 2322 278 2387 bus
308 2319 416 2384 venire
447 2339 501 2385 eos
531 2319 632 2401 iussit,
667 2318 835 2400 fortunam,
873 2340 968 2402 quam
1002 2320 1072 2404 ipse
1107 2320 1258 2402 dedisset,

218 2425 393 2490 habituros.
440 2424 504 2488 Diu
535 2430 731 2505 cunctantes,
753 2423 914 2507 plerisque
945 2423 1079 2490 consilia
1110 2426 1260 2490 varianti-

218 2529 286 2610 bus,
311 2527 441 2593 tandem
475 2519 625 2593 venturos
659 2548 694 2593 sc
728 2527 928 2612 pollicentur.
974 2527 1017 2592 At
1051 2528 1295 2602 Democrateso

220 2633 436 2713 Atheniensis,
476 2633 530 2714 qui
566 2632 704 2698 maxime
739 2631 951 2697 Macedonum
986 2632 1101 2717 opibus
1135 2653 1261 2718 semper

221 2737 393 2818 obstiterat,
426 2737 520 2802 venia
543 2737 714 2820 desperata
736 2736 846 2819 gladio
870 2755 905 2801 sc
928 2736 1094 2820 transfigit.
1142 2734 1256 2818 Ceteri,

220 2843 302 2908 sicut
332 2841 571 2922 constituerant,
604 2841 723 2906 dicioni
746 2839 922 2905 Alexandri
952 2840 1039 2924 ipsos
1070 2860 1105 2906 sc
1135 2841 1260 2924 permit-

219 2953 298 3011 tunt.
344 2944 432 3010 Mille
456 2951 487 3010 et
513 2956 537 3007 Ι)
561 2944 680 3009 milites
710 2951 810 3025 crant,
841 2951 967 3029 praeter
997 2944 1057 3008 hos
1087 2944 1187 3026 legati
1217 2945 1260 3010 ad
1279 2966 1311 3016 10

221 3051 362 3115 Dareum
384 3047 474 3113 missi
501 3058 559 3112 XO.
608 3048 648 3112 ln
670 3047 924 3133 supplementum
947 3047 1134 3112 distributus
1156 3049 1258 3129 miles,

220 3153 318 3219 ceteri
340 3153 465 3218 remissi
488 3152 616 3217 domum
631 3159 758 3236 practer
774 3150 1055 3233 Lacedaemonios,
1081 3171 1159 3234 quos
1175 3153 1259 3216 tradi

219 3258 252 3323 in
276 3257 452 3324 custodiam
474 3257 575 3326 iussit.

168 3366 207 3437 16
324 3361 505 3427 Mardorum
528 3368 595 3426 crat
611 3380 691 3444 gens
708 3359 840 3425 confinis
856 3360 1047 3444 Hyrcaniae,
1073 3361 1159 3424 cultu
1175 3359 1259 3424 vitae
1281 3383 1311 3432 11

221 3487 337 3552 aspera
370 3473 402 3531 ct
435 3465 611 3530 latrociniis
644 3472 789 3530 assueta:
824 3464 906 3529 haec
941 3463 1010 3528 sola
1048 3484 1107 3528 nec
1137 3464 1261 3546 legatos

220 3571 351 3636 miserat
384 3590 443 3634 nec
477 3569 646 3655 uidebatur
679 3568 837 3653 imperata
870 3569 1005 3632 factura.
1058 3568 1171 3650 ltaque
1204 3587 1261 3632 rex

222 3675 418 3758 indignatus,
457 3674 484 3739 si
517 3695 581 3738 una
614 3693 694 3756 gens
731 3679 840 3758 posset
874 3672 1009 3753 efficere,
1048 3691 1088 3736 nc
1122 3670 1260 3736 invictus
1329 3746 1331 3753 Ι

224 3786 318 3860 esset,
343 3777 581 3863 impedimentis
608 3798 680 3842 oum
709 3775 870 3862 praesidio
892 3776 1011 3841 relictis
1033 3775 1142 3840 valida
1163 3795 1260 3840 manu

225 3883 395 3948 comitante
417 3883 571 3968 procedit.
615 3883 720 3948 Noctu
750 3882 811 3946 iter
840 3881 968 3962 fecerat,
1001 3887 1032 3944 et
1062 3879 1165 3963 prima
1187 3879 1258 3944 lucc
1280 3893 1312 3941 12
