3028 4322
270 149 288 212 8
658 149 688 214 Q.
708 147 816 202 CURTl
834 147 921 203 RUFI

271 354 382 420 decem
415 354 501 418 milia
533 353 731 418 hastatorum
765 353 996 438 sequebantur:
1032 352 1142 418 hastas
1175 360 1306 436 argento

184 522 186 526 .
219 472 251 522 21
272 465 449 539 axomates,
484 455 626 544 [spicula]
659 478 737 523 auro
768 457 925 542 praefixas
960 458 1138 541 gestabant
1185 458 1308 522 Dextra

271 564 428 646 laevaque
451 581 560 644 regem
583 560 712 628 ducenti
735 562 834 628 ferme
857 561 1045 628 nobilissimi
1060 561 1308 648 propinquorum

273 666 511 732 comitabantur.
558 665 681 730 Horum
704 687 819 749 agmen
851 666 1058 732 claudebatur
1087 667 1217 750 triginta
1246 667 1307 730 mi-

221 787 254 837 22
274 772 357 835 libas
379 769 530 856 peditum,
556 789 637 852 quos
661 771 734 854 equi
757 771 842 854 regis
858 795 932 838 occo
948 771 1173 854 sequebantur.
1212 771 1310 836 Inter-

273 876 358 940 vallo
393 874 508 939 deinde
541 874 636 938 unius
670 875 765 940 stadii
802 882 935 941 matrem
972 875 1068 940 Darei
1107 875 1310 959 Sisigambim

274 999 383 1044 currus
415 977 562 1056 vehebat,
597 984 629 1042 et
663 977 696 1042 in
728 979 792 1043 alio
823 986 891 1044 erat
921 971 1047 1044 coniux.
1093 979 1202 1044 Turba
1224 977 1311 1044 femi·

222 1098 255 1149 23
274 1103 386 1148 narum
421 1082 551 1166 reginas
589 1082 807 1148 comitantium
845 1085 935 1165 equis
972 1085 1167 1150 vectabatur.
1216 1084 1312 1161 Quin-

274 1186 377 1252 decim
401 1185 526 1268 deinde,
558 1206 637 1268 quas
663 1207 862 1252 armamaxas
891 1187 1106 1273 appellabant,
1139 1189 1313 1270 sequeban-

275 1299 337 1356 tur.
383 1291 421 1354 In
444 1290 494 1355 his
525 1298 614 1355 erant
643 1291 735 1356 liberi
765 1291 851 1375 regis
883 1299 914 1357 et
945 1312 1026 1375 quae
1057 1291 1235 1357 educebant
1258 1309 1313 1355 eos

225 1412 259 1462 24
278 1395 519 1480 spadonumque
542 1414 630 1478 grex,
655 1395 742 1460 haud
764 1414 840 1460 sanc
862 1395 927 1461 illis
943 1396 1093 1480 gentibus
1115 1395 1198 1460 vilis.
1232 1394 1313 1458 Tum

278 1499 389 1582 regiae
411 1497 531 1583 pelices
554 1503 717 1564 trecentae
740 1505 771 1563 et
801 1499 972 1582 sexaginta
995 1499 1135 1585 quicque
1157 1499 1315 1564 veheban-

229 1659 236 1688 „.
279 1608 339 1684 tur,
356 1607 403 1667 et
424 1602 513 1686 ipsae
540 1601 641 1684 regali
673 1602 759 1666 cultu
789 1609 973 1685 ornatuque.
1021 1602 1097 1668 Post
1120 1620 1200 1685 quas
1222 1622 1315 1686 pecu-

279 1706 365 1771 niam
394 1705 481 1787 regis
504 1704 642 1770 sescenti
672 1705 750 1770 muli
779 1712 812 1770 et
842 1705 974 1772 trecenti
1004 1705 1118 1772 cameli
1147 1703 1315 1786 vehebant,

230 1827 262 1878 25
281 1809 439 1895 praesidio
488 1808 725 1893 sagittariorum
777 1817 997 1894 prosequente.
1064 1809 1316 1894 Propinquorum

281 1913 517 1994 amicorumque
562 1913 714 1996 coniuges
759 1914 832 1979 huic
876 1914 997 1998 agmini
1041 1915 1204 2000 proximae
1240 1914 1318 1978 lixa·

281 2036 412 2099 rumque
444 2024 476 2082 et
506 2017 652 2082 calonum
686 2038 803 2102 greges
833 2018 1039 2084 vehebantur.
1083 2019 1195 2085 Ultimi
1229 2023 1318 2084 erant

282 2143 354 2187 cum
377 2122 442 2188 suis
466 2122 600 2204 quisque
627 2121 770 2204 ducibus,
795 2123 849 2204 qui
871 2130 1023 2206 cogerent
1044 2143 1172 2206 agmen,
1206 2122 1318 2188 leviter

282 2226 405 2292 armati.
594 2227 596 2235 ‘

233 2352 266 2402 ac
390 2330 507 2396 Contra
530 2329 557 2395 si
573 2329 643 2412 quis
659 2330 761 2396 aciem
775 2330 985 2396 Macedonum
1004 2331 1187 2410 intueretur,
1211 2330 1320 2415 dispar

284 2435 384 2500 facies
401 2441 477 2516 erat,
501 2435 590 2518 equis
613 2434 753 2518 virisque
775 2456 838 2501 non
860 2456 946 2515 auro,
969 2457 1033 2500 non
1056 2435 1206 2501 discolori
1221 2442 1318 2516 veste,

233 2559 266 2610 27
285 2541 344 2606 sed
366 2540 450 2605 ferro
473 2546 570 2620 atque
592 2560 665 2605 aere
688 2539 902 2622 fulgentibus:
932 2559 1048 2624 agmen
1071 2548 1103 2605 et
1126 2546 1210 2606 stare
1233 2561 1321 2624 para-

284 2652 352 2710 tum
376 2652 407 2710 et
429 2644 529 2726 sequi,
554 2665 613 2709 nec
628 2643 722 2709 turba
737 2664 796 2709 nec
812 2644 944 2710 sarcinis
960 2665 1145 2729 praegrave,
1168 2644 1322 2710 intentum

286 2750 328 2815 ad
367 2748 458 2814 ducis
495 2768 559 2812 non
592 2749 720 2832 signnm
754 2749 858 2829 modo,
895 2749 952 2814 scd
986 2749 1081 2814 etiam
1115 2755 1234 2814 nutum.
1282 2749 1323 2814 Et

236 2873 269 2924 28
288 2853 402 2919 castris
426 2855 515 2918 locus
539 2861 570 2918 et
593 2853 747 2920 exercitui
770 2860 965 2919 commeatus
982 2853 1202 2939 suppetebant.
1237 2853 1323 2934 Ergo

288 2956 470 3022 Alexandro
500 2957 533 3022 in
566 2957 635 3022 acie
669 2958 763 3022 miles
796 2978 860 3022 non
894 2957 1011 3023 defluit:
1050 2958 1184 3036 Dareus,
1218 2963 1324 3022 tantae

289 3063 499 3128 multitudinis
514 3085 579 3144 rex,
604 3064 676 3145 loci,
694 3064 728 3128 in
744 3085 805 3148 quo
822 3064 988 3148 pugnavit,
1006 3063 1163 3146 angustiis
1178 3064 1325 3129 redactus

290 3169 404 3236 estad
426 3170 627 3256 paucitatem,
651 3189 745 3251 quam
768 3170 801 3234 in
825 3170 916 3235 hoste
939 3176 1182 3256 contempserat.

750 3362 814 3418 cn».
833 3363 878 3417 lV.

259 3498 272 3546 1
396 3485 524 3551 Interea
546 3483 729 3550 Alexander
751 3484 958 3551 Abietamene
988 3484 1209 3570 Cappadociae
1239 3485 1357 3570 praet)

293 3591 396 3676 posito
420 3584 564 3654 Ciliciam
586 3595 698 3674 petens
722 3609 793 3654 cum
816 3589 959 3654 omnibus
983 3588 1084 3674 copiis
1103 3590 1138 3652 io
1153 3589 1326 3671 regionem,

296 3715 377 3778 quae
400 3694 511 3759 Castra
542 3695 617 3777 Cyri
646 3694 833 3778 appellatur,
866 3704 1064 3779 pervenerat.
1111 3693 1232 3758 Stativa
1261 3691 1329 3756 illic

296 3799 451 3865 habuerat
488 3798 600 3882 Cyrus,
639 3820 710 3864 cum
747 3798 901 3863 adversus
940 3798 1092 3864 Croesum
1129 3797 1161 3861 in
1194 3796 1329 3882 Lydiam
