2970 4322
308 213 371 278 292
700 214 731 279 Q.
751 213 860 267 CURTI
878 213 965 267 RUFI

295 422 480 506 probarent,
516 421 651 484 biduum
675 430 784 482 tamen
808 419 962 484 adversus
983 421 1189 486 humillimas
1210 445 1340 486 morum

294 548 405 610 preces
434 525 614 588 iracundia
636 525 722 610 repis
743 525 888 588 duravit.
939 524 1044 588 Tertio
1066 525 1118 588 die
1141 527 1245 590 victus
1267 549 1339 590 con-

298 630 420 692 stantia
458 628 639 714 supplicum
669 629 824 714 processit
861 628 1073 714 incusataque
1110 629 1224 693 leniter
1249 654 1338 694 ener-

255 741 257 747 ’
299 735 381 797 citus
403 733 609 796 immodestia
631 755 694 796 non
717 732 784 795 sine
807 731 919 794 multis
940 732 1102 816 utrimque
1134 732 1282 797 lacrimis
1302 735 1340 798 in

295 839 442 924 qratiam
462 861 492 902 se
512 860 586 900 cum
606 837 685 922 ipsis
702 837 808 900 redire
821 834 988 920 professus
1006 845 1059 900 cst.
1094 835 1210 922 Diqna
1230 847 1339 902 tamen

295 965 345 1006 res
367 943 438 1006 visa
462 951 516 1024 est,
540 964 623 1028 quoe
646 941 827 1004 maioribus
849 939 958 1003 bestiis
980 940 1178 1024 capiorctur.
1223 943 1337 1028 Itaque

295 1046 459 1128 sacrificio
489 1045 659 1132 maqniflce
682 1055 867 1130 perpetrato
891 1044 1107 1129 Macedonum
1136 1045 1236 1109 simul
1257 1048 1336 1110 Per-

296 1172 470 1235 sarumque
483 1151 643 1235 primores
661 1149 814 1212 invitavit
832 1149 877 1212 ad
896 1147 1017 1233 epulus.
1052 1149 1174 1212 Novem
1190 1151 1288 1214 milia
1304 1173 1337 1215 eo

296 1255 440 1318 convivio
462 1255 616 1340 occepisse
634 1254 802 1341 proditum
825 1262 869 1316 est
894 1252 1077 1334 memmiae,
1098 1276 1207 1338 eosque
1231 1277 1337 1319 omrecs

295 1359 452 1423 invitante
475 1382 545 1445 reqe
569 1382 607 1422 erc
630 1358 744 1421 eadem
764 1367 892 1420 cratera
916 1356 1077 1438 libauisse,
1101 1355 1238 1421 Graecis
1260 1359 1334 1422 bar-

295 1464 443 1548 barisque
459 1464 588 1527 vatibus
606 1473 675 1526 tum
692 1462 762 1525 alia
774 1460 897 1546 fausto
917 1470 990 1525 vota
1002 1461 1246 1545 praeeuntibus,
1265 1473 1334 1526 tum

294 1567 447 1652 inprimis
468 1577 504 1630 ut
537 1567 703 1651 utriusque
734 1566 866 1651 imperii
896 1565 932 1628 in
961 1565 1049 1629 idem
1080 1588 1194 1650 corpus
1223 1567 1335 1630 coeliti

292 1671 426 1735 societas
448 1680 607 1757 perpetua
621 1669 722 1755 foret.
754 1669 927 1733 Maturata
951 1669 1065 1733 deinde
1088 1679 1132 1733 est
1161 1671 1281 1753 missio,
1306 1682 1335 1736 et

292 1775 537 1858 infirmissimus
566 1775 699 1860 quisque
729 1774 942 1838 euouctorati.
988 1772 1179 1837 Amicorum
1211 1799 1333 1861 quoque

291 1879 451 1944 seniorum
471 1879 667 1964 quibusdam
687 1888 900 1942 commeatum
919 1877 1017 1942 dedit.
1054 1877 1108 1940 Ea
1127 1879 1200 1962 quis
1216 1876 1333 1963 Clitus,

293 1994 491 2071 coqnomento
505 1981 618 2064 Albus,
642 1981 840 2069 Gorqiasque
857 1991 885 2045 et
899 1975 1102 2067 Polydamas
1116 1991 1145 2045 et
1160 1980 1334 2069 Antiqenes

283 2088 393 2172 fuere.
432 2085 630 2151 Abeuntibus
651 2109 715 2150 non
737 2087 829 2150 modo
846 2085 1020 2171 praeteriti
1042 2086 1192 2170 temporis
1214 2088 1331 2173 stipen-

290 2192 349 2255 dia
377 2215 450 2256 cum
472 2192 543 2272 fide
562 2190 726 2276 persolvit,
759 2213 871 2254 verum
897 2190 997 2254 etium
1024 2189 1181 2252 talentum
1208 2191 1332 2256 adiecit

289 2297 324 2358 in
354 2296 494 2382 sinqulos
516 2296 634 2358 milites
656 2295 772 2358 viatici
801 2295 938 2358 nomine.
984 2293 1086 2357 Filios
1108 2317 1147 2356 erc
1169 2292 1333 2359 Asiaticis

287 2401 443 2464 umoribus
465 2409 619 2484 susceptos
641 2437 683 2444 —
706 2399 752 2462 ad
775 2399 882 2462 decem
905 2398 1002 2462 milia
1017 2396 1126 2482 fuisse
1150 2399 1331 2462 traduntur

287 2541 330 2549 —
361 2504 450 2589 apud
484 2526 514 2568 se
544 2503 686 2588 relinqui
719 2503 822 2584 iussit,
853 2525 891 2566 ne
925 2502 962 2566 in
991 2501 1222 2566 Macedoniam
1253 2527 1331 2568 cum

279 2608 472 2693 parentibus
494 2608 683 2693 transqressi
705 2617 734 2671 et
757 2607 944 2693 coniuqibus
966 2607 1134 2692 liberisque
1158 2609 1330 2692 prioribus

280 2712 440 2797 perminti
451 2712 614 2796 familias
629 2712 828 2798 sinpulorum
844 2711 1093 2776 contentionibus
1108 2721 1137 2774 et
1151 2711 1329 2778 discordiis

285 2816 462 2900 implerent,
486 2817 548 2879 sibi
571 2839 668 2880 curae
683 2815 761 2901 fore
777 2816 954 2902 pollicitus,
976 2825 1013 2878 ut
1027 2816 1141 2900 patrio
1163 2839 1250 2880 more
1273 2817 1326 2880 in-

284 2921 388 2982 stituti
403 2919 542 2982 militiae
559 2929 643 2983 artes
658 2921 869 2984 edocerentur.
894 2920 946 2983 Ita
962 2941 1061 3004 supra
1078 2919 1185 2982 decem
1200 2931 1325 2985 vetera-

283 3047 399 3087 norum
422 3024 518 3087 milia
542 3025 679 3087 dimissa
702 3034 784 3106 sunt,
798 3025 991 3109 additusque
1014 3033 1057 3087 est
1078 3007 1241 3107 Craterus,
1265 3027 1326 3110 qui

283 3151 332 3191 eos
355 3129 532 3209 deduceret,
556 3152 595 3192 erc
610 3129 802 3213 praecipuis
823 3129 906 3214 reqis
929 3128 1055 3191 amicis.
1104 3125 1168 3191 Cui
1189 3129 1219 3190 si
1241 3129 1326 3213 quid

281 3233 471 3296 bumanitus
505 3232 683 3314 accidisset,
722 3233 943 3318 Polyperconti
969 3215 1090 3317 parere
1122 3232 1204 3295 iussi
1236 3243 1322 3296 sunt.

280 3335 412 3400 Litteris
435 3337 535 3400 ctiam
559 3337 604 3399 ad
624 3335 836 3421 Antipatrum
858 3337 985 3420 scriptis
1007 3336 1156 3400 bonorem
1179 3337 1324 3402 emeritis

279 3441 393 3504 baberi
409 3441 586 3525 praecepit,
609 3451 654 3522 ut,
668 3441 810 3526 quotiens
833 3441 905 3503 ludi
928 3449 1023 3525 atque
1047 3439 1227 3504 certamina
1247 3441 1321 3504 ede-

278 3554 398 3626 rentur,
433 3545 470 3608 in
492 3544 615 3629 primis
645 3544 812 3608 ordinibus
842 3545 987 3607 coronati
1017 3553 1193 3629 spectarent
1222 3553 1321 3629 utque

271 3648 351 3734 fato
372 3648 568 3733 functorum
592 3647 686 3711 liberi
716 3648 894 3733 impuberes
923 3649 959 3711 in
981 3657 1125 3732 paterna
1155 3647 1318 3731 stipendia

279 3753 488 3815 succederent.
526 3749 697 3814 Craterum
719 3752 929 3815 Macedoniae
954 3751 1244 3836 continentibusque
1266 3773 1317 3815 re-

276 3854 425 3938 qionibus
444 3875 517 3916 cum
540 3854 675 3937 imperio
687 3865 834 3938 praeesse
850 3855 991 3939 placuit,
1008 3853 1221 3940 Antipatrum
1241 3877 1317 3918 cum
