3040 4318
436 214 686 268 ursroarsnuu
704 214 918 268 annuarum
937 215 975 266 vr
993 215 1018 266 3,
1192 212 1253 276 143

217 423 358 486 oulosum
381 429 475 503 esset,
500 422 650 487 versabat
673 442 707 487 se
731 422 773 486 ad
796 441 906 486 omnes
923 421 1142 502 cogitationes,
1167 419 1255 486 aliud

216 533 311 608 atque
327 526 415 591 aliud
435 526 537 591 -ita
559 533 594 592 ut
608 526 677 591 fieri
700 527 789 608 solet,
806 526 861 591 ubi
883 525 986 611 prima
1001 546 1145 608 quaeque
1169 525 1254 592 dam·

216 650 327 695 namus
351 667 392 678 -
416 630 592 695 subiciente
615 630 729 695 animo.
769 629 954 710 Haesitanti‚
979 628 1063 712 quod
1085 629 1166 694 ratio
1190 649 1254 695 non

216 735 325 819 potuit,
370 735 496 800 fortuna
534 728 700 800 consilium
747 733 1017 799 sumministravit.
1073 733 1256 799 Vehemens
1277 741 1311 796 28

216 838 362 904 favonius
400 846 478 920 erat,
517 846 549 904 et
585 840 716 903 multam
753 838 920 904 materiam
957 837 1118 903 ceciderat
1155 838 1256 920 miles,

217 943 338 1007 aditum
371 963 430 1026 per
464 963 543 1008 saxa
565 943 703 1008 molitus.
750 943 849 1023 Haec,
872 962 992 1027 vapore
1030 941 1159 1023 torrida,
1194 942 1258 1008 iam

218 1047 380 1112 inarserat.
426 1047 514 1131 Ergo
537 1048 650 1130 aggeri
673 1048 754 1112 alias
777 1050 907 1113 arbores
929 1047 1017 1113 iubet
1040 1054 1072 1110 et
1094 1046 1162 1130 igni
1185 1047 1255 1112 dari
1274 1055 1307 1106 29

216 1151 383 1216 alimenta:
429 1152 636 1234 celeriterque
681 1151 842 1236 stipitibus
882 1151 1049 1216 cumulatis
1088 1150 1255 1233 fastigium

215 1255 331 1322 montis
368 1263 537 1339 aequatum
574 1263 631 1322 est.
691 1255 781 1320 lunc
818 1255 958 1338 undiquc
996 1254 1080 1338 ignis
1117 1255 1252 1321 iniectus
1272 1265 1306 1315 3ο

216 1366 332 1424 cuncta
354 1360 604 1444 comprehendit.
641 1359 819 1424 Flammam
841 1359 875 1423 in
898 1379 953 1425 ora
979 1358 1118 1424 hostium
1141 1365 1254 1426 ventus

215 1462 347 1545 ferebat,
380 1464 486 1529 fumus
509 1465 622 1547 ingens
646 1465 735 1528 velut
765 1463 904 1546 quadam
934 1465 1018 1529 nube
1042 1463 1255 1530 absconderat

216 1568 348 1632 caelum.
394 1569 558 1634 Sonabant
590 1568 738 1634 incendio
772 1569 884 1647 silvae,
918 1574 1013 1650 atque
1047 1588 1086 1632 ea
1119 1587 1254 1650 quoquc,
1275 1577 1306 1627 31

215 1691 298 1753 qnae
335 1692 397 1737 non
436 1673 622 1738 incenderat
658 1673 760 1751 miles,
800 1677 957 1756 concepto
995 1672 1072 1754 igne
1109 1672 1256 1756 proxima

215 1796 360 1858 quaeque
383 1776 570 1842 adurebant.
617 1777 750 1843 Barbari
781 1776 1009 1860 suppliciorum
1040 1776 1193 1858 ultimum,
1227 1778 1253 1844 si

216 1900 280 1961 qua
301 1881 557 1945 intermoreretur
578 1881 673 1964 ignis,
704 1880 847 1963 effugere
869 1880 1079 1965 temptabant,
1109 1879 1167 1945 sed
1191 1901 1255 1964 qua

215 1981 344 2048 flamma
377 1983 511 2049 dederat
544 1985 657 2064 locum,
693 1985 795 2050 hostis
830 1987 987 2051 obstabat.
1031 1984 1129 2049 Varia
1158 1985 1256 2067 igitur
1274 2001 1306 2050 32

216 2087 316 2152 caede
339 2089 518 2173 consumpti
541 2095 631 2153 sunt:
662 2089 715 2153 alii
745 2089 779 2152 in
801 2089 923 2154 medios
945 2089 1047 2171 ignes,
1080 2090 1134 2156 alii
1156 2090 1254 2174 petris

216 2192 468 2276 praecipitavere
491 2213 534 2273 se,
567 2192 695 2274 quidam
725 2193 864 2258 hostium
894 2194 1039 2258 manibus
1062 2194 1252 2276 obtulerunt,

217 2296 311 2380 pauci
335 2297 533 2362 semustulati
555 2317 672 2362 venere
695 2297 727 2362 in
749 2303 950 2382 potestatem.

163 2398 208 2470 24
324 2401 408 2465 Hinc
431 2401 474 2464 ad
490 2401 663 2485 Craterum,
686 2401 740 2483 qui
755 2401 939 2467 Artacoana
961 2401 1138 2483 obsidebat,
1163 2402 1253 2467 redit.
1276 2418 1308 2468 33

218 2503 278 2568 llle
315 2505 460 2570 omnibus
497 2505 696 2589 praeparatis
730 2505 817 2588 regis
852 2505 1044 2590 expectabat
1071 2505 1255 2588 adventum,

218 2614 331 2692 captae
354 2609 440 2673 urbis
462 2609 565 2690 titulo,
592 2609 672 2673 sicut
695 2629 754 2693 par
777 2617 855 2688 erat,
880 2609 1006 2675 cedens.
1038 2610 1140 2692 Igitur
1162 2611 1257 2674 Alex·
1276 2625 1307 2676 34

217 2711 318 2776 ander
347 2719 450 2777 turres
484 2712 646 2778 admoveri
675 2713 779 2778 iubet:
803 2714 938 2797 ipsoque
968 2721 1101 2798 aspectu
1127 2715 1256 2779 barbari

217 2817 324 2897 territi,
355 2817 492 2882 emuris
515 2818 645 2902 supinas
675 2838 788 2883 manus
817 2819 994 2900 tendentes,
1027 2837 1117 2884 orare
1142 2840 1254 2904 coepe·

217 2927 296 3002 runt,
321 2921 401 2985 iram
423 2922 455 2985 in
481 2921 720 3002 Satibarzanen,
745 2921 933 2986 defectionis
956 2928 1129 3004 auctorem,
1154 2944 1256 2989 reser-

217 3032 315 3104 varet,
339 3024 536 3109 supplicibus
560 3033 660 3091 semet
683 3026 873 3092 dedentibus
897 3033 1050 3111 parceret.
1087 3028 1156 3092 Rex
1180 3027 1257 3093 data

217 3129 312 3193 venia
334 3149 398 3194 non
421 3130 619 3196 obsidionem
649 3129 743 3195 modo
773 3131 877 3211 solvit,
910 3131 968 3195 sed
998 3131 1105 3195 omnia
1131 3152 1189 3196 sua
1212 3133 1255 3196 in-

218 3232 297 3297 colis
319 3232 468 3298 reddidit.

320 3337 371 3402 Ab
394 3338 457 3402 hac
479 3339 557 3404 urbo
573 3339 718 3421 digresso
735 3338 991 3423 supplementum
1006 3353 1161 3404 novorum
1179 3341 1258 3405 mili·
1277 3353 1309 3403 33

217 3447 284 3505 tum
308 3442 455 3506 occurrit.
500 3443 606 3508 Zoilus
631 3453 656 3505 D
681 3443 803 3525 equites
834 3463 874 3507 ex
898 3443 1032 3508 Graecia
1063 3443 1256 3510 adduxerat:

217 3554 257 3606 ΙΙΙ
280 3544 367 3608 milia
391 3565 430 3609 ex
453 3546 585 3629 Illyrico
600 3546 770 3632 Antipater
792 3547 938 3611 miserat:
961 3547 1111 3612 Thessali
1134 3548 1256 3630 equites

219 3656 238 3710 0
272 3654 304 3712 et
328 3659 405 3711 xxx
429 3669 500 3714 cum
530 3649 678 3734 Philippo
709 3655 815 3714 erant:
851 3671 891 3714 ex
920 3649 1024 3734 Lydia
1054 3663 1080 3714 ΙΙ
1107 3652 1195 3716 milia
1224 3659 1256 3717 et

218 3752 364 3836 sescenti,
376 3753 564 3836 peregrinus
579 3753 679 3834 miles,
697 3754 902 3838 advenerant,
927 3765 991 3818 000
1011 3755 1133 3837 equites
1149 3757 1255 3838 gentis

218 3853 361 3920 eiusdem
384 3857 605 3938 sequebantur.
645 3857 716 3922 Hac
739 3877 833 3921 manu
856 3857 983 3923 adiecta
999 3859 1072 3922 adit
1086 3859 1254 3942 Drangas:
1274 3872 1307 3923 33
