2970 4322
283 183 347 247 284
668 189 699 254 Q.
720 188 831 242 OURTI
848 189 936 244 RUFI

281 389 420 472 ignarus,
432 397 464 456 et
476 391 779 476 importunissimum
796 402 945 476 scortum,
961 417 1004 460 ne
1018 396 1052 460 in
1066 401 1177 482 stupro
1193 397 1320 480 quidem

281 499 314 558 et
336 493 502 560 dedecoris
524 497 679 580 patientia
700 497 823 564 fraudis
846 499 990 581 oblitum,
1013 500 1159 583 quotiens
1182 521 1320 566 amorem

281 597 365 680 regis
380 597 413 662 in
436 619 471 663 se
494 601 694 683 accenderat,
717 601 853 668 Orsinen
869 603 963 668 modo
977 603 1141 685 avaritiae,
1165 604 1320 670 interdum

229 712 263 764 3ο
281 701 377 766 etiam
406 702 594 770 defectionis
624 707 788 790 arguebat.
835 708 904 771 Iam
926 713 1051 772 matura
1073 715 1163 772 erant
1195 709 1229 772 in
1251 707 1345 792 per-5

279 805 393 872 niciem
415 807 592 874 innocentis
614 809 792 891 mendacia,
823 817 855 876 et
877 811 988 892 fatum,
1012 809 1103 876 cuius
1125 811 1318 878 inevitabilis

280 929 347 976 sors
369 919 427 993 est,
458 915 639 998 appetebat.
685 916 780 980 Forte
809 915 893 980 enim
923 916 1105 1000 sepulcrum
1127 915 1205 1000 Oyri
1228 915 1317 982 Alex·

279 1015 380 1082 ander
401 1015 494 1082 iussit
516 1019 642 1103 aperiri,
676 1019 794 1103 inquo
817 1027 886 1086 erat
916 1020 1081 1085 conditum
1103 1021 1171 1085 eius
1196 1039 1317 1105 corpus,

227 1128 258 1179 31
279 1120 330 1184 cni
365 1120 441 1186 dare
470 1121 599 1188 volebat
632 1123 772 1190 inferias.
819 1125 907 1190 Auro
936 1130 1133 1210 argentoque
1162 1125 1320 1210 repletum

278 1243 350 1290 3333
373 1225 551 1291 crediderat
574 1265 614 1276 —
639 1227 758 1312 quippe
787 1229 833 1293 ita
862 1229 947 1294 fama
969 1229 1088 1295 Persae
1110 1229 1321 1312 vulgaverant

277 1365 319 1376 -
354 1328 412 1396 sed
448 1337 575 1414 praeter
608 1331 746 1416 clipeum
780 1331 848 1398 eius
882 1339 1009 1417 putrem
1041 1339 1075 1398 et
1111 1353 1205 1398 arcus
1242 1333 1320 1398 duos

226 1441 259 1492 32
279 1433 448 1517 Scythicos
479 1441 511 1500 et
540 1435 706 1500 acinacem
728 1435 808 1500 nihil
830 1437 988 1521 repperit
1027 1436 1185 1518 Ceterum,
1206 1457 1321 1503 corona

278 1559 377 1604 aurea
405 1539 565 1624 imponite,
596 1539 744 1621 amiculo,
775 1540 827 1606 oui
853 1547 999 1606 assuerat
1027 1541 1106 1626 ipse,
1137 1541 1264 1622 solium,
1290 1541 1321 1604 in

279 1663 342 1726 quo
364 1663 479 1728 corpus
502 1643 637 1725 iacebat,
660 1644 789 1725 velavit,
802 1645 934 1709 miratus
954 1645 1036 1710 tanti
1050 1643 1186 1710 nominis
1202 1665 1321 1728 regem,

279 1747 378 1812 tantis
408 1747 587 1831 praeditum
610 1747 733 1832 opibus,
754 1746 843 1812 haud
865 1748 1035 1832 pretiosius
1062 1748 1222 1832 sepultum
1253 1767 1321 1813 esse

228 1868 260 1919 33
280 1871 374 1934 quam
397 1852 425 1916 si
454 1852 568 1916 fuisset
590 1872 608 1916 e
631 1850 735 1936 plebe.
781 1850 949 1916 Proximus
981 1856 1048 1917 erat
1077 1851 1171 1917 lateri
1201 1851 1320 1936 spado:

281 1955 344 2041 qui,
373 1975 485 2038 regem
515 1955 650 2036 intuens,
680 1953 780 2030 ‘Quid
810 1955 942 2036 mirum,'
977 1954 1091 2044 inquit,
1119 1957 1182 2020 ‘est
1215 1954 1322 2019 inania

281 2061 427 2145 sepulcra
448 2081 520 2126 esse
542 2080 663 2144 regum,
687 2079 760 2125 cum
775 2065 974 2144 satraparum
989 2059 1102 2125 domus
1118 2079 1232 2124 aurum
1247 2059 1321 2125 inde

229 2182 262 2232 34
281 2170 426 2248 egestum
448 2185 563 2250 capere
586 2184 649 2228 non
671 2162 817 2248 possint?
842 2163 936 2240 Quod
958 2163 1001 2228 ad
1023 2184 1073 2228 me
1097 2163 1221 2244 attinet,
1252 2163 1321 2247 ipse

281 2268 342 2334 hoc
360 2269 489 2334 bustum
505 2276 600 2334 antea
614 2288 677 2332 non
691 2267 845 2348 videram,
868 2267 925 2334 sed
948 2288 988 2332 ex
1004 2268 1111 2334 Dareo
1133 2267 1178 2332 ita
1199 2267 1319 2352 accepi,

229 2385 322 2442 35111
343 2374 430 2438 milia
458 2373 614 2440 talentum
646 2372 775 2438 condita
804 2392 875 2437 esse
906 2391 978 2436 cnm
1008 2372 1102 2457 Cyro.
1148 2371 1233 2436 Hinc
1267 2372 1321 2436 illa

280 2477 462 2562 benignitas
486 2478 518 2542 in
540 2485 573 2543 te
586 2514 626 2524 —
639 2483 683 2557 ut,
708 2473 794 2558 quod
815 2476 946 2560 impune
968 2475 1088 2542 habere
1110 2495 1173 2540 non
1196 2482 1319 2560 poterat

230 2600 262 2650 36
281 2579 419 2664 Orsines,
444 2581 592 2646 donando
608 2579 705 2644 etiam
720 2579 854 2662 gratiam
869 2579 981 2644 iniret?
1016 2579 1240 2644 Concitaverat
1259 2580 1321 2643 iam

281 2685 420 2749 animum
443 2685 476 2749 in
498 2684 586 2764 iram,
610 2683 743 2764 cumbi,
768 2683 882 2766 quibus
898 2682 1060 2766 negotium
1074 2681 1160 2747 idem
1176 2681 1320 2763 dederat,

282 2788 520 2872 superveniunt.
558 2787 641 2851 Hinc
661 2787 797 2870 Bagoas,
820 2786 959 2852 hincab
983 2807 1020 2851 eo
1044 2786 1208 2852 subornati
1231 2787 1319 2852 falsis

230 2914 262 2963 37
281 2891 464 2958 criminibus
484 2897 641 2976 occupant
662 2910 765 2956 aures.
800 2891 982 2974 Antequam
1001 2890 1144 2956 accusari
1167 2909 1203 2956 se
1222 2891 1321 2974 suspi-

282 3003 407 3062 caretur
429 2995 568 3076 Orsines,
592 2993 625 3058 in
647 2996 775 3060 vincula
798 3001 847 3060 est
869 2994 1014 3060 traditus.
1057 2995 1130 3059 Non
1153 3000 1320 3060 contentus

282 3100 436 3185 supplicio
466 3100 600 3166 insontis
631 3101 731 3185 spado
761 3099 831 3184 ipse
861 3099 1013 3164 morituro
1044 3119 1172 3164 manum
1203 3098 1318 3164 iniecit.

282 3204 385 3281 Quem
410 3203 540 3270 Orsines
562 3205 699 3285 intuens,
719 3203 923 3285 ‘Audieram'
946 3203 1058 3286 inquit,
1077 3203 1123 3266 ‘in
1145 3202 1225 3267 Asia
1246 3203 1320 3267 olim

279 3328 431 3392 regnasse
443 3307 594 3374 feminas:
608 3309 668 3374 hoc
678 3328 754 3374 vero
769 3327 888 3374 novum
901 3315 958 3389 est,
971 3327 1105 3390 regnare
1121 3312 1295 3372 castratum
1304 3309 1320 3370 l’

229 3435 262 3487 38
389 3411 449 3477 Hic
480 3410 541 3477 fuit
571 3413 674 3477 exitus
697 3411 885 3476 nobilissimi
907 3413 1076 3476 Persarum
1105 3429 1166 3476 nec
1187 3411 1320 3476 insontis

230 3542 263 3592 39
282 3515 386 3597 modo,
410 3515 467 3582 sed
484 3515 618 3581 eximiae
634 3535 761 3599 quoque
776 3514 982 3598 benignitatis
997 3515 1029 3578 in
1046 3535 1164 3598 regem.
1197 3515 1320 3580 Eodem

281 3624 425 3704 tempore
438 3619 623 3704 Phradates,
638 3639 770 3703 regnum
786 3619 955 3685 affectasse
967 3625 1145 3703 suspectus,
1156 3619 1318 3684 occiditur.

280 3723 438 3808 Ooeperat
459 3746 517 3787 rea
541 3743 611 3788 esse
630 3742 785 3807 praeceps
808 3720 851 3787 ad
868 3722 1137 3807 repraesentanda
1153 3723 1320 3808 supplicia,

230 3840 264 3892 40
281 3825 357 3890 item
380 3825 422 3889 ad
445 3825 602 3890 deteriora
617 3824 792 3891 credenda:
817 3825 938 3891 scilicet
959 3845 1010 3890 res
1033 3825 1195 3891 secundae
1211 3826 1320 3890 valent
