3028 4322
336 252 357 314 4
719 255 750 320 o.
770 253 877 308 ouum
895 253 983 308 num

337 467 541 545 eonspeotum
578 459 666 524 dedit
704 467 735 525 et
773 457 966 526 oiroumdato
1002 459 1097 539 vallo,
1136 459 1222 543 quod
1259 458 1376 525 desem

335 564 458 629 milium
480 571 672 632 armatorum
694 565 929 631 multitudinem
959 571 1095 650 caperet,
1126 563 1245 630 Xerxis
1268 584 1377 629 exem-

302 669 390 754 3plo
423 689 588 734 numerum
622 669 784 752 copiarum
817 669 895 734 iniit.
953 669 1028 735 Orto
1066 669 1133 735 sole
1169 666 1212 734 ad
1245 675 1375 734 nostem

334 773 472 857 agmina,
504 773 585 839 sieut
614 773 766 859 discripta
796 781 891 856 erant,
922 774 1080 840 intravere
1110 775 1238 838 vallum.
1291 773 1375 838 Inde

336 877 451 943 emissa
488 885 720 963 occupaverant
756 877 1006 963 Mesopotamiae
1044 896 1182 962 campos,
1229 875 1373 960 equitum

334 982 540 1066 peditumque
563 981 792 1067 propemodum
821 981 1058 1048 innumerabilis
1087 982 1188 1063 turba,
1219 981 1373 1046 maiorem

301 1095 430 1166 squam
466 1107 524 1171 pro
560 1105 691 1151 numero
729 1085 868 1170 speeiem
906 1086 1021 1152 ferens.
1071 1071 1244 1152 'Persarum
1281 1092 1373 1150 eraut

335 1197 460 1256 eentum
486 1191 581 1272 milia,
605 1190 638 1254 in
661 1190 731 1272 quis
754 1210 852 1273 eques
875 1212 941 1256 xxx
962 1191 1123 1275 implebat.
1150 1190 1236 1256 Medi
1259 1190 1372 1256 deoem

300 1295 431 1358 amilio
462 1295 613 1376 equitum,
645 1294 877 1378 quinquaginta
905 1294 1050 1379 peditum
1077 1295 1246 1360 habebant.
1293 1295 1373 1359 Bar-

335 1418 485 1464 oanorum
520 1399 660 1483 equitum
694 1398 756 1464 duo
785 1399 873 1464 milia
903 1400 1002 1481 fuere,
1034 1400 1148 1466 armati
1178 1399 1371 1486 bipennibus

332 1503 518 1586 levibusque
549 1503 654 1584 soutis,
675 1509 780 1568 eetrae
809 1502 945 1568 maxime
975 1503 1115 1594 speeiem
1145 1503 1369 1570 reddentibus:

333 1606 476 1691 peditum
492 1606 603 1672 deoem
620 1607 705 1672 milia
729 1607 904 1688 equitatum
918 1608 989 1693 pari
1004 1615 1129 1674 armatu
1145 1607 1367 1692 sequebantur.

299 1711 474 1776 6Armenii
513 1710 722 1795 quadraginta
756 1711 852 1775 milio
889 1712 1040 1778 miserant
1076 1712 1228 1797 peditum,
1252 1711 1369 1778 additis

334 1823 456 1901 septem
478 1816 605 1881 milibus
629 1816 778 1899 equitum.
825 1817 968 1900 Hyrcani
991 1817 1204 1900 egregiorum,
1231 1823 1265 1882 ut
1287 1816 1370 1881 inter

332 1919 404 1985 illas
442 1926 563 2002 gentes,
610 1921 752 2005 equitum
790 1939 848 1984 sex
884 1921 970 1985 milia
1004 1921 1220 2006 expleverant,
1251 1919 1368 1985 additis

299 2033 314 2081 7
333 2024 492 2106 equitibus
515 2025 601 2089 mille
624 2025 768 2109 Tapuris.
814 2025 969 2091 Derbices
993 2025 1204 2108 quadraginta
1225 2024 1368 2109 peditum

331 2129 434 2212 milia¹
456 2136 671 2195 armaverant:
709 2129 851 2214 pluribus
884 2150 958 2195 aere
994 2137 1050 2194 aut
1087 2130 1172 2195 ferro
1205 2127 1367 2215 praefixae

332 2233 451 2313 hastae,
487 2233 616 2316 quidam
644 2233 766 2316 lignum
796 2233 863 2315 igni
893 2233 1091 2302 duraverant.
1138 2234 1207 2298 Hos
1241 2252 1366 2314 quoque

298 2335 396 2401 sduo
419 2336 507 2400 milia
529 2337 670 2420 equitum
700 2357 741 2402 ex
771 2335 884 2401 eadem
914 2343 1010 2420 gente
1041 2337 1189 2402 comitata
1212 2344 1292 2402 sunt.
1338 2336 1366 2400 A

333 2439 449 2526 Caspio
483 2440 561 2504 mari
596 2447 667 2505 ooto
701 2440 822 2504 milium
856 2443 1002 2525 pedester
1034 2441 1192 2506 exereitus
1226 2447 1365 2522 venerat,

332 2544 460 2609 dueenti
476 2545 607 2628 equites.
635 2545 714 2610 Cum
727 2545 766 2609 iis
782 2551 871 2608 erant
886 2545 1044 2627 ignobiles
1059 2545 1141 2610 aliae
1157 2552 1287 2628 gentes:
1304 2543 1365 2610 duo

331 2649 417 2714 milia
446 2649 597 2734 peditum,
631 2649 771 2730 equitum
794 2649 953 2734 duplioem
975 2656 1164 2734 paraverant
1186 2669 1363 2716 numerum.

297 2761 312 2810 9
331 2753 390 2818 His
420 2753 518 2838 copiis
548 2753 678 2836 triginta
707 2754 794 2818 milia
816 2753 1008 2818 Graecorum
1031 2753 1176 2820 meroede
1200 2753 1364 2834 oonduota,

331 2857 480 2940 egregiae
491 2857 672 2938 iuventutis,
685 2857 818 2923 adieota.
849 2857 933 2920 Nem
945 2857 1129 2922 Bactrianos
1141 2863 1173 2922 et
1186 2857 1364 2940 Sogdianos

331 2967 363 3024 et
391 2959 489 3026 ludos
519 2967 704 3044 ceterosque
733 2961 820 3028 rubri
850 2961 945 3026 maris
967 2961 1102 3042 aooolas,
1130 2961 1241 3046 ignota
1271 2961 1365 3026 etiam

330 3064 435 3130 Persis
465 3065 607 3148 gentium
636 3066 773 3145 nomina,
805 3066 963 3131 festinatio
996 3066 1184 3149 prohibebat
1214 3065 1319 3130 aeoiri.

279 3177 311 3226 10
432 3169 500 3233 Neo
531 3171 700 3251 quiequam
728 3169 774 3234 illi
812 3169 915 3234 minus
954 3191 1050 3252 quam
1087 3169 1254 3234 multitudo
1284 3169 1362 3234 mili·

329 3280 396 3337 tum
430 3269 537 3337 defuit.
590 3274 686 3339 Cuius
719 3281 790 3343 tum¹
818 3274 985 3338 universae
1022 3280 1154 3358 aspeotu
1188 3272 1390 3339 admodumb

328 3377 440 3456 laetus,
464 3377 644 3461 purpuratis
667 3377 760 3442 solita
788 3377 927 3442 vanitate
958 3397 1048 3460 spem
1079 3376 1147 3442 eius
1171 3375 1361 3457 inflantibus,

329 3500 500 3546 conversus
530 3481 572 3546 ad
597 3481 821 3552 Charidemum
844 3481 1084 3562 Atheniensem,
1120 3481 1199 3546 belli
1229 3481 1363 3566 peritum

329 3590 361 3648 et
390 3584 429 3648 ob
461 3584 590 3650 exilium
619 3585 769 3650 infestum
800 3585 1048 3651 Alexandro-
1080 3587 1198 3671 quippe
1229 3584 1362 3650 Athenis

328 3688 455 3754 iubente
478 3709 516 3754 eo
538 3689 642 3754 fuerat
665 3690 816 3776 expulsus
841 3727 881 3736 -
905 3691 1084 3774 percontari
1108 3690 1221 3776 eoepit,
1246 3690 1362 3756 satisne

278 3804 308 3852 11
329 3791 359 3856 ei
381 3791 541 3857 videretur
563 3793 733 3859 instructus
755 3793 798 3858 ad
824 3793 1033 3859 obterendum
1056 3793 1188 3859 hostem.
1235 3793 1277 3858 At
1300 3793 1359 3874 ille,

329 3901 360 3958 et
382 3913 457 3960 suae
476 3896 573 3961 ‘sortis
597 3903 628 3962 et
649 3896 757 3980 regiae
781 3896 948 3982 superbiae
972 3897 1098 3979 oblitus,
1132 3897 1288 3979 ‘Vemm',
1320 3895 1362 3960 in·
