3028 4322
452 163 704 220 HISTORIARUM
722 165 937 220 ALEXANDRI
955 167 994 219 lll
1013 169 1036 220 8.
1244 168 1260 230 7

222 370 378 454 fulgebat.
424 369 508 435 Ordo
530 376 638 434 autem
661 367 799 452 agminis
823 376 891 436 erat
913 371 995 436 talis.
1043 371 1142 455 Ignis,
1166 391 1262 455 quem
1281 386 1297 436 9

222 473 285 558 ipsi
309 493 435 538 sacrum
458 481 490 538 et
520 480 684 538 aeternum
715 475 883 554 vocabant,
916 475 1080 557 argenteis
1109 476 1262 542 altaribus

223 577 469 662 praeferebatur.
512 578 598 661 Magi
620 578 755 662 proximi
778 579 917 663 patrium
940 600 1069 646 carmen
1093 582 1259 646 canebant.

222 683 335 766 Magos
347 681 480 748 trecenti
495 688 527 748 et
547 680 716 765 sexaginta
731 683 871 764 quinque
886 683 1018 750 iuvenes
1034 686 1260 768 sequebantur,
1281 700 1313 750 10

222 787 366 871 puniceis
381 786 526 852 amiculis
543 787 649 868 velati,
666 786 780 852 diebus
797 788 893 852 totius
910 787 985 852 amri
1002 809 1096 872 pares
1111 809 1259 854 numero:

222 890 339 975 quippe
373 891 481 954 Persis
514 907 641 972 quoque
675 889 708 954 in
743 888 876 956 totidem
911 891 981 956 dies
1013 891 1183 977 discriptus
1214 899 1262 958 est

221 1013 334 1058 annus.
373 993 506 1058 Currum
529 993 651 1059 deinde
668 995 739 1060 Iovi
762 1002 919 1060 sacratum
941 996 1085 1062 albentes
1100 996 1260 1062 vehebant
1281 1011 1310 1059 11

221 1099 312 1180 equi:
350 1099 409 1164 hos
447 1098 583 1164 eximiae
620 1097 853 1182 magnitudinis
891 1121 1003 1183 equus,
1041 1121 1136 1184 quem
1177 1101 1260 1168 Solis

220 1204 435 1288 appellabant,
460 1205 661 1284 sequebatur.
703 1203 828 1270 Aureae
851 1205 960 1288 virgae
983 1213 1014 1271 et
1037 1206 1130 1271 albae
1153 1214 1260 1273 vestes

219 1315 367 1390 regentes
390 1327 489 1390 equos
511 1307 718 1373 adornabant.
756 1308 850 1373 Haud
873 1310 984 1392 procul
1008 1301 1097 1374 erant
1112 1309 1261 1376 vehicula
1281 1324 1312 1374 12

220 1412 341 1491 decem,
361 1411 461 1476 multo
483 1431 562 1480 auro
577 1418 775 1494 argentoque
795 1413 927 1478 caelata.
963 1413 1166 1494 Sequebatur
1181 1413 1261 1480 haec

221 1515 382 1596 equitatus
416 1514 584 1580 duodecim
617 1515 760 1598 gentium
790 1515 887 1581 variis
918 1517 1015 1582 armis
1046 1524 1078 1582 et
1109 1517 1259 1584 moribus.

219 1619 361 1686 Proximi
404 1619 504 1698 ibant,
543 1638 621 1702 quos
659 1621 779 1687 Persae
815 1621 1016 1686 Immortales
1053 1628 1179 1702 vocant,
1217 1623 1259 1687 ad
1280 1637 1311 1686 13

221 1723 333 1790 decem
369 1723 466 1788 milia.
511 1721 623 1790 Cultus
662 1724 845 1808 opulentiae
882 1725 1038 1790 barbarae
1076 1745 1139 1791 nou
1176 1726 1258 1792 alios

220 1828 324 1911 magis
348 1827 553 1892 honestabat:
584 1827 631 1892 illi
653 1846 769 1893 aureos
795 1835 933 1914 torqueS,
964 1829 1011 1894 illi
1034 1835 1157 1895 vestem
1180 1850 1258 1895 auro

219 1931 403 1998 distinctam
421 1931 584 1996 habebant
599 1933 837 2014 mauioatasque
852 1933 985 2015 tunicas,
1009 1934 1145 2017 gemmis
1161 1935 1258 2000 etiam

219 2037 399 2101 adornatas.
447 2036 574 2119 Exiguo
597 2037 773 2122 intervallo,
804 2057 883 2120 quos
913 2046 1066 2121 cognatos
1092 2039 1180 2122 regis
1202 2059 1257 2125 ap·
1278 2051 1309 2101 14

219 2141 347 2227 pellant,
379 2141 490 2206 decem
513 2148 545 2206 et
572 2142 710 2224 quinque
740 2139 827 2206 milia
850 2142 1022 2208 hominum.
1063 2145 1160 2210 'Haec
1183 2165 1258 2210 vero

219 2247 321 2328 turba,
346 2246 541 2312 muliebriter
563 2245 792 2331 propemodum
815 2247 907 2328 culta,
932 2249 1009 2313 luxu
1035 2249 1139 2332 magis
1163 2269 1258 2331 quam

220 2351 345 2417 decoris
372 2351 469 2416 armis
499 2349 671 2435 conspicua
701 2358 775 2418 erat.
820 2352 1032 2438 Doryphoroe
1061 2355 1259 2419 vocabantur
1278 2365 1310 2415 15

219 2456 398 2542 proximum
421 2454 471 2520 his
498 2475 625 2537 agmen,
657 2454 742 2520 soliti
764 2463 887 2521 vestem
918 2458 1068 2542 excipere
1097 2459 1257 2541 regalem:

220 2561 254 2625 hi
277 2580 403 2625 currum
425 2559 511 2643 regis
533 2560 706 2642 anteibant,
733 2580 795 2642 quo
818 2561 888 2645 ipse
912 2563 1054 2628 eminens
1071 2563 1256 2629 vehebatur.

220 2666 397 2746 Utrumque
420 2683 531 2728 currus
554 2665 637 2728 latus
661 2664 794 2730 deorum
810 2665 978 2731 simulacra
995 2687 1035 2731 ex
1050 2687 1127 2732 auro
1147 2687 1259 2751 argen-
1279 2678 1310 2727 16

220 2774 315 2850 toque
339 2787 491 2852 expressa
520 2767 730 2832 decorabant:
762 2767 1005 2853 distinguebant
1035 2770 1257 2836 iutemitentes

219 2892 365 2955 gemmae
388 2871 507 2954 iugum,
534 2893 574 2938 ex
596 2890 659 2953 quo
683 2873 864 2939 eminebant
888 2873 951 2938 duo
974 2895 1072 2938 aurea
1087 2875 1257 2940 simulacra

220 2976 378 3058 cubitalia,
403 2997 537 3057 quorum
559 2977 694 3041 alterum
709 2977 794 3059 Nini,
818 2979 953 3043 alterum
970 2985 1038 3044 erat
1053 2979 1131 3045 Beli.
1170 2980 1258 3045 Inter

220 3081 299 3145 haec
321 3080 460 3163 aquilam
481 3099 612 3146 auream
634 3079 749 3165 pinnas
781 3081 965 3146 extendenti
995 3082 1132 3148 similem
1155 3102 1257 3148 sacra·

188 3182 342 3252 8verant.
397 3183 508 3249 Cultus
542 3183 629 3267 regis
662 3185 743 3250 inter
773 3184 879 3250 omnia
912 3186 1038 3250 luxuria
1071 3185 1255 3252 notabatur:
1277 3199 1308 3250 17

219 3306 395 3372 purpureae
418 3287 545 3352 tunicae
568 3287 710 3353 medium
731 3288 839 3353 album
862 3289 1019 3354 intextum
1039 3296 1114 3368 erat,
1138 3290 1256 3375 pallam
1277 3303 1309 3354 18

218 3413 295 3458 auro
319 3391 503 3458 distinctam
528 3393 616 3459 aurei
646 3393 824 3478 accipitres,
857 3395 946 3459 velut
976 3395 1085 3459 rostris
1116 3394 1256 3461 intense

218 3505 450 3577 concurrerent,
488 3497 695 3578 adornabant,
739 3507 770 3564 et
812 3519 891 3564 zona
927 3519 1024 3564 aurea
1061 3499 1257 3565 muliebriter

219 3601 340 3667 cinctus
374 3602 536 3668 acinacem
570 3601 789 3686 suspenderat,
824 3604 875 3668 cui
910 3623 949 3668 ex
983 3623 1111 3686 gemma
1141 3604 1257 3688 vagina

218 3713 296 3771 erat.
342 3705 481 3777 Cidarim
504 3707 622 3772 Persae
645 3706 802 3772 vocabant
831 3708 955 3791 regium
978 3708 1090 3793 capitis
1113 3707 1254 3792 insigne:
1276 3722 1307 3771 19

219 3810 280 3877 hoo
304 3811 450 3876 caerulea
473 3809 573 3876 fascia
594 3811 667 3874 albo
699 3811 848 3877 distincta
879 3813 1072 3877 circumibat.
1121 3812 1254 3878 Currum
1273 3825 1307 3875 20
