2976 4322
274 240 338 304 222
661 241 691 308 o.
712 240 925 296 quarinum

220 461 254 511 23
273 446 403 527 ferrent,
426 447 609 530 interrogat
656 446 726 512 Nec
753 453 921 514 cunctatus
944 447 1148 532 Eurylochus
1178 469 1242 514 non
1273 470 1317 515 ex

272 557 339 616 toto
361 552 492 617 domum
514 570 605 616 suam
627 551 769 617 aversari
787 550 866 618 deos
881 551 972 632 dixit,
995 552 1070 635 quia
1085 552 1185 618 frater
1199 553 1316 638 ipsius,

273 676 464 738 quamquam
486 655 619 740 impium
634 655 761 720 facinus
781 675 879 722 ausus
901 656 994 738 foret,
1019 663 1127 722 tamen
1151 664 1183 722 et
1205 657 1316 742 paeni-

272 760 406 824 tentiam
430 759 498 826 eius
528 766 639 842 ageret
669 765 700 824 et
729 781 787 845 per
816 779 851 824 sc
881 759 1085 846 potissimum
1111 761 1314 844 profiteretur

272 863 433 928 indicium.
479 864 517 929 ln
548 883 618 928 eam
648 862 751 949 ipsam
773 870 909 945 noctem,
942 885 1026 946 quae
1056 863 1236 946 decederet,
1268 867 1315 931 in-

272 968 373 1033 sidias
396 972 596 1052 comparatas
612 966 729 1032 fuisse:
757 973 904 1033 auctores
927 968 1057 1034 scelesti
1081 969 1208 1034 consilii
1231 989 1314 1055 esse,

220 1088 254 1137 24
272 1091 352 1156 quos
375 1071 504 1138 minime
521 1071 666 1137 crederet
680 1093 746 1137 rex.
782 1073 865 1136 Tum
880 1071 1053 1156 Epimenes
1069 1079 1185 1138 cuncta
1199 1072 1313 1140 ordine

272 1176 534 1259 consciorumque
568 1176 698 1242 nomina
731 1176 871 1260 exponit.
924 1175 1144 1242 Callisthenen
1178 1197 1242 1242 non
1278 1185 1314 1242 ut

271 1281 461 1366 participem
498 1280 650 1346 facinoris
687 1281 886 1344 nominatum
924 1299 996 1346 esse
1034 1281 1209 1361 constabat,
1253 1283 1313 1348 sed

272 1384 400 1449 solitum
433 1405 602 1469 puerorum
632 1383 842 1469 sermonibus,
872 1384 1122 1470 vituperantium
1145 1385 1314 1450 criminan-

220 1504 253 1554 25
272 1489 415 1570 tiumque
430 1508 549 1573 regem,
563 1488 677 1554 faciles
692 1508 787 1553 aures
802 1492 966 1573 praehere.
1005 1488 1143 1566 Quidam
1157 1489 1311 1572 adiciunt,

272 1613 345 1657 cum
361 1593 551 1658 Hermolaus
574 1592 662 1678 apud
678 1612 750 1657 eum
766 1613 893 1676 quoque
908 1593 1112 1658 verberatum
1134 1613 1169 1659 sc
1191 1615 1212 1658 a
1233 1615 1312 1678 rege

272 1704 467 1780 quereretur,
500 1696 620 1762 dixisse
643 1696 863 1762 Callisthenen
892 1696 1076 1762 meminisse
1103 1696 1220 1762 debere
1255 1718 1312 1764 eos

271 1801 334 1865 iam
357 1800 443 1865 viros
466 1819 554 1866 csse:
585 1800 682 1883 idque
705 1801 747 1864 ad
777 1799 1004 1866 consolandam
1034 1801 1222 1886 patientiam
1244 1823 1313 1867 ver-

271 1905 383 1970 berum
406 1924 447 1968 an
469 1905 512 1969 ad
534 1904 736 1996 incitandum
746 1904 898 1970 iuvenum
913 1904 1055 1970 dolorem
1078 1904 1199 1970 dictum
1215 1915 1312 1988 esset,

219 2028 252 2079 26
270 2009 303 2072 in
325 2008 475 2092 ambiguo
497 2007 607 2074 fnisse.
654 2009 723 2074 Rex
746 2008 844 2074 animi
874 2009 1079 2095 corporisque
1110 2029 1224 2095 sopore
1249 2010 1313 2077 dis-

270 2131 375 2192 cusso,
406 2132 478 2178 cum
501 2112 582 2177 tanti
612 2113 756 2198 periculi,
789 2133 851 2196 quo
882 2120 1039 2194 evaserat,
1069 2110 1177 2197 imago
1208 2115 1312 2182 oculis

270 2216 441 2297 oberraret,
473 2216 690 2300 Eurylochum
719 2227 741 2279 L
764 2216 892 2282 talentis
916 2223 947 2281 et
970 2215 1135 2282 cuiusdam
1158 2218 1312 2286 Tiridatis

233 2385 237 2396 ,
271 2319 431 2406 opulentis
464 2320 556 2386 bonis
590 2320 736 2405 protinus
771 2320 868 2386 donat
901 2320 1103 2404 fratremque,
1138 2329 1312 2405 antequam

218 2446 252 2495 27
271 2445 329 2510 pro
353 2425 455 2489 salute
478 2425 548 2490 eius
571 2432 763 2509 precaretur,
794 2424 942 2490 restituit.
988 2424 1127 2491 Sceleris
1149 2427 1311 2507 auctores,

269 2529 416 2611 interque
433 2548 487 2594 eos
504 2527 729 2614 Callisthenen,
752 2529 876 2594 vinctos
892 2530 1050 2596 asservari
1065 2529 1170 2596 iubet:
1194 2531 1312 2614 quibus

268 2632 303 2696 in
325 2632 447 2715 regiam
471 2632 620 2698 adductis
642 2639 709 2697 toto
740 2632 792 2698 die
815 2639 847 2697 et
869 2640 963 2698 nocte
992 2634 1138 2718 proxima
1159 2656 1247 2700 mero
1270 2657 1310 2701 ac

217 2755 251 2806 28
268 2737 390 2820 vigiliis
411 2737 520 2820 gravis
547 2737 715 2820 acquievit.
759 2738 891 2802 Postero
921 2744 1028 2803 autem
1057 2737 1208 2822 frequens
1231 2759 1303 2804 con·
1320 2729 1365 2801 24

270 2841 377 2906 silium
413 2840 567 2922 adhibuit,
608 2840 659 2905 cui
696 2847 803 2925 patres
840 2841 1073 2926 propinquique
1111 2863 1228 2924 eorum,
1268 2843 1309 2909 de

270 2944 385 3028 quibus
408 2946 572 3030 agebatur,
603 2944 783 3026 intererant,
816 2965 856 3009 ne
887 2944 927 3009 de
958 2964 1018 3010 sua
1047 2945 1175 3028 quidem
1205 2947 1309 3013 salute

270 3049 390 3114 securi:
436 3049 555 3134 quippe
601 3048 812 3113 Macedonum
857 3069 944 3114 more
989 3050 1093 3135 perire
1138 3050 1308 3130 debebant,

269 3153 409 3218 omnium
443 3152 568 3220 devotis
603 3153 770 3238 capitibus,
811 3153 863 3236 qui
902 3155 1060 3237 sanguine
1098 3155 1309 3238 contigissent

217 3277 250 3326 29
268 3278 350 3324 reos.
407 3258 477 3323 Rex
513 3257 673 3323 introduci
710 3258 891 3324 coniuratos
929 3265 1053 3342 praeter
1092 3259 1309 3324 Callisthenen

268 3362 377 3428 iussit:
413 3369 454 3444 ct,
486 3383 568 3445 quac
598 3363 808 3448 agitaverant,
838 3363 906 3428 sine
938 3362 1138 3428 cunctatione
1168 3362 1309 3429 confessi

217 3485 251 3535 30
270 3474 353 3533 sunt.
400 3468 643 3552 Increpantibus
666 3467 782 3533 deinde
805 3465 962 3532 universis
984 3485 1039 3532 eos
1062 3463 1131 3552 ipse
1154 3488 1221 3548 rex,
1245 3488 1308 3550 quo

270 3591 328 3636 suo
350 3572 462 3637 merito
485 3579 607 3637 tantum
630 3573 664 3638 in
687 3579 789 3638 semet
820 3571 1019 3654 cogitassent
1048 3571 1182 3654 facinus,
1214 3572 1309 3637 inter·

259 3684 369 3760 rogat.
