2970 4322
247 172 311 234 312
352 172 381 236 Q.
396 169 503 222 GURTI
517 169 602 220 RUFI
617 167 867 222 HISTORIARUM
881 170 1095 222 ALEXANDRI
1108 171 1132 221 X
1147 174 1187 222 10.

247 377 320 441 dem
336 398 447 442 curare
470 396 585 460 corpus
602 377 782 440 exanimum
806 375 920 440 amicis
936 376 1072 457 vacavit,
1096 378 1185 441 nulla
1200 377 1288 456 tabe,

247 503 286 546 ne
309 481 438 546 minimo
462 481 590 562 quidem
620 481 721 545 livore
744 487 926 564 corruptum
957 480 1075 561 videre,
1109 481 1162 562 qui
1194 481 1289 543 intra-

246 592 366 650 verant.
413 584 514 667 Vigor
537 603 674 666 quoque,
706 585 759 665 qui
785 591 909 648 constat
933 605 973 648 ex
997 585 1115 667 spiritu,
1148 605 1210 649 non
1237 583 1289 648 de-

197 703 228 752 13
247 689 394 754 1111111111
427 689 558 752 vultum.
606 689 720 770 ltaque
755 685 908 772 Aegyptii
943 688 1172 770 Chaldaeique,
1207 689 1287 753 iussi

247 813 361 878 corpus
384 813 442 858 suo
464 813 550 857 more
573 813 693 871 curare,
718 793 819 877 primo
842 812 904 856 non
928 799 1001 857 sunt
1023 795 1093 856 ausi
1115 793 1287 858 admovere

247 899 335 962 velut
365 898 498 981 spiranti
528 916 649 960 manua.
697 895 823 960 Deinde
857 896 987 980 precati,
1024 905 1059 960 ut
1092 898 1141 960 ius
1172 898 1286 979 fasque

247 1008 331 1067 esset
368 1001 555 1066 mortalibus
588 1008 758 1066 attrectare
800 1000 902 1080 deum,
942 1021 1122 1085 purgavere
1160 1021 1284 1084 corpus,

246 1107 466 1191 repletumque
482 1112 531 1170 est
542 1105 693 1179 odoribus
709 1124 840 1168 aureum
856 1103 1025 1183 schumet
1044 1104 1139 1188 capiti
1159 1105 1287 1170 adiecta

196 1223 228 1271 14
247 1210 392 1275 fortunae
416 1210 483 1274 eius
506 1209 655 1291 insignia.
701 1209 832 1274 Veneno
855 1216 1003 1274 necatum
1026 1229 1097 1274 esse
1120 1208 1286 1273 credidere

246 1314 404 1398 plerique:
427 1313 526 1377 filium
542 1313 703 1396 Antipatri
726 1313 806 1377 inter
822 1313 989 1394 ministros,
1014 1314 1127 1377 Iollam
1145 1313 1285 1392 nomine,

247 1419 344 1502 patris
367 1415 456 1482 iussu
480 1417 616 1482 dedisse.
653 1417 756 1500 Saepe
779 1424 864 1481 certe
887 1417 999 1481 audita
1022 1423 1090 1482 erat
1112 1437 1176 1481 vox
1191 1417 1286 1480 Alex-

247 1523 348 1602 andri,
372 1519 575 1605 Antipatrum
603 1521 727 1603 regium
750 1521 901 1585 affectare
932 1518 1097 1602 fastigium
1120 1521 1285 1584 maiorem-

247 1646 308 1708 que
332 1645 401 1690 csse
431 1625 583 1710 praefecti
607 1625 722 1708 opibus
745 1648 782 1692 ac
814 1628 905 1692 titulo
931 1629 1108 1712 Spartanae
1130 1627 1284 1692 victoriae

196 1741 227 1790 15
246 1729 399 1808 inflatum,
431 1729 537 1793 onmia
567 1749 644 1793 111
668 1729 744 1794 data
774 1739 967 1796 asserentem
998 1731 1075 1795 sibi:
1111 1730 1285 1795 credebant

247 1833 343 1896 etiarn
366 1833 529 1898 Craterum
560 1854 631 1897 cum
661 1842 805 1900 veterum
835 1837 969 1900 militum
999 1855 1094 1900 manu
1124 1835 1167 1898 ad
1193 1835 1285 1898 inter-

196 1949 227 1998 16
247 1936 417 2002 ficiendum
447 1957 520 2002 eum
550 1938 690 2002 missum.
737 1940 810 2004 Vim
841 1948 949 2005 autem
978 1939 1101 2020 veneni,
1137 1939 1223 2020 quod
1253 1939 1284 2001 in

248 2041 440 2105 Macedonia
462 2042 615 2123 gignitur,
646 2044 740 2107 talem
765 2063 835 2108 esse
858 2051 989 2123 constat,
1014 2051 1049 2107 ut
1071 2044 1189 2109 ferrum
1212 2063 1286 2124 quo-

248 2165 309 2228 que
333 2153 460 2209 exurat:
492 2147 645 2226 ungulam
667 2147 799 2212 iumenti
822 2149 986 2212 dumtaxat
1016 2149 1187 2233 patientem
1212 2168 1285 2213 esse

196 2261 228 2310 17
249 2247 394 2336 [constat]
420 2250 496 2314 suci.
543 2250 677 2332 Stygem
701 2253 865 2335 appellant
888 2253 1016 2333 fontem,
1041 2274 1081 2318 ex
1104 2271 1166 2334 quo
1189 2252 1287 2336 pesti-

246 2355 350 2418 serum
372 2355 460 2419 virus
485 2363 619 2423 emanat.
654 2356 724 2420 Hoc
748 2377 805 2440 per
835 2357 1047 2422 Cassandrum
1069 2357 1202 2420 allatum
1225 2363 1286 2419 tra-

248 2458 412 2541 ditumque
436 2459 525 2522 fratri
549 2459 649 2524 Iollae
673 2467 704 2524 et
734 2462 775 2524 ah
800 2481 837 2524 eo
861 2481 1027 2545 supremae
1050 2461 1137 2542 regis
1164 2459 1286 2544 potioni

197 2573 229 2622 18
247 2563 389 2628 inditum.
438 2563 537 2644 Haec,
572 2571 743 2647 utcumque
778 2573 851 2630 sunt
885 2566 1013 2646 credita,
1049 2585 1168 2645 eorum,
1205 2584 1286 2646 quos

247 2687 353 2732 rumor
399 2675 589 2751 asperserat,
630 2689 703 2731 mox
748 2669 891 2752 potentia
936 2669 1079 2734 extinxit.
1140 2669 1285 2749 Regnum

248 2771 333 2834 enim
352 2770 559 2836 Macedoniae
575 2772 743 2855 Antipater
766 2779 798 2836 11
813 2773 979 2839 Graeciam
1004 2794 1129 2856 quoquc
1160 2773 1284 2852 invasit,

197 2887 229 2938 19
248 2875 374 2941 suboles
405 2875 521 2941 deinde
545 2877 682 2961 excepit,
708 2875 884 2942 interfectis
909 2878 1063 2957 omnihus,
1095 2878 1286 2960 quicumque

250 2980 465 3044 Alexandrum
489 2981 585 3045 etiam
607 2982 783 3064 longinqua
807 2984 996 3066 cognatione
1019 2982 1225 3064 contigerant.

196 3096 229 3145 20
351 3084 499 3150 Ceterum
530 3105 644 3168 corpus
675 3085 743 3150 eius
774 3086 1007 3164 aPtolomaeo,
1040 3085 1091 3150 cui
1114 3085 1286 3168 Aegyptus

248 3196 394 3268 cesserat,
426 3187 600 3272 Memphim
630 3197 662 3253 ct
691 3189 766 3254 inde
793 3189 903 3271 paucis
933 3196 1006 3274 post
1035 3187 1126 3253 annis
1150 3187 1288 3253 Alexan-

248 3291 351 3356 driam
384 3291 574 3356 translatum
608 3301 664 3372 est,
691 3294 855 3374 omnisque
890 3293 1060 3358 momoriae
1095 3313 1132 3356 ac
1165 3294 1287 3357 nomini

248 3396 349 3463 honos
372 3395 511 3460 habitus.

669 3591 869 3598 ..ψ
