2970 4322
263 151 327 215 296
648 149 679 216 Q.
699 149 806 202 CURTI
826 149 913 204 RUFI

265 358 487 444 qreadrapinta
522 358 590 420 dies
616 357 811 442 perdomuit.
868 358 960 421 Nam
995 359 1035 422 ab
1070 359 1137 444 ipso
1170 383 1239 446 repe
1276 371 1304 424 et

266 463 458 543 Ptolomaeo,
482 462 540 546 qui
563 471 696 546 partem
719 462 878 525 accercitus
903 461 1050 545 ducebat,
1080 485 1174 548 saepe
1204 465 1303 546 caesi,

266 577 301 630 ut
331 566 471 651 captiuos
500 589 571 629 suos
592 566 777 651 reciperent,
800 567 977 650 permisere
1006 588 1036 630 se
1066 567 1191 631 uictori.
1245 567 1304 632 Ille

267 670 398 734 validas
419 670 512 734 urbes
535 671 718 755 opportunis
741 669 818 733 locis
840 671 948 734 entrui
970 671 1073 752 iussit,
1104 694 1143 734 ne
1166 672 1306 736 abducto

268 775 409 839 enercitu
430 773 513 858 fera
541 797 617 860 pens
647 773 877 837 oboedientiam
912 785 1047 840 enueret.
1100 773 1198 840 Motis
1231 776 1307 840 inde

269 879 393 960 castris,
420 887 456 941 ut
479 877 615 941 militem
638 878 837 962 empeditione
859 880 977 943 recenti
998 879 1129 964 fessum
1157 879 1302 962 rejiceret

269 983 349 1047 lento
373 983 501 1069 apmine
524 982 723 1067 Babylonem
746 982 949 1066 procedebat.
996 983 1130 1068 Iamque
1160 984 1218 1046 niu
1248 984 1307 1046 tri-

266 1089 359 1173 pinta
384 1088 423 1150 ab
450 1087 527 1150 urbe
557 1085 675 1149 stadiis
708 1086 830 1167 aberat,
862 1109 935 1149 cum
958 1087 1129 1151 Nearchus
1158 1088 1311 1169 occurrit,

271 1215 363 1277 quem
379 1213 441 1276 per
457 1190 621 1254 Oceanum
644 1200 672 1253 et
687 1189 867 1274 Bhtphratis
889 1191 970 1254 ostia
993 1191 1193 1276 Babylonem
1208 1214 1309 1276 prae·

271 1297 414 1377 miserat,
438 1295 623 1379 orabatque,
638 1317 677 1358 ne
688 1295 837 1380 fatalem
860 1295 923 1359 sibi
937 1296 1049 1359 urbem
1064 1297 1154 1360 uellet
1169 1297 1312 1382 inpredi.

273 1398 476 1486 Conpertum
499 1398 536 1462 id
562 1399 625 1462 sibi
647 1421 686 1462 eu
710 1396 895 1481 Chaldaeis,
919 1401 977 1484 qui
999 1401 1109 1464 multis
1123 1401 1194 1463 iarn
1210 1423 1313 1485 prue-

274 1505 452 1568 dictionum
468 1503 627 1567 eventibus
643 1504 725 1567 artis
743 1527 821 1568 suae
844 1505 1068 1569 certitudinem
1091 1505 1218 1569 abunde
1233 1528 1314 1590 pro-

275 1609 441 1672 bavissent.
487 1608 570 1690 Rea,
599 1607 706 1693 fama
744 1631 853 1672 eorum
890 1609 1057 1672 hominum
1095 1610 1318 1694 constantique

276 1712 507 1776 asseveratione
522 1721 634 1792 motus,
651 1711 796 1776 dimissis
810 1713 847 1776 in
861 1714 973 1778 urbem
985 1713 1178 1789 amicorum
1194 1713 1316 1798 pleris-

275 1839 334 1902 que
358 1816 429 1880 alia
451 1817 508 1880 oia
524 1826 657 1900 praeter
672 1815 872 1901 Babylonem
894 1817 985 1881 ducit
1008 1839 1048 1882 aa
1071 1818 1216 1893 ducentis
1238 1817 1318 1882 inde

275 1921 393 1984 stadiis
425 1921 544 1984 statiua
579 1921 672 1985 locat.
729 1919 795 1985 Sed
829 1922 869 1985 ab
901 1919 1101 1986 Ananarcho
1128 1922 1319 2008 philosepho

276 2025 401 2088 edoctus
431 2026 614 2110 contemptis
641 2022 881 2090 Chaldaeorum
910 2027 1050 2108 monitis,
1080 2049 1219 2111 quorum
1250 2025 1317 2089 dis·
1355 2097 1357 2103 Ι

277 2129 436 2214 ciplinam
455 2129 588 2192 inanem
607 2139 665 2192 aut
686 2151 922 2214 superuacuam
945 2129 1181 2211 arbitrabatur,
1204 2130 1319 2193 cubem

277 2234 389 2296 intrat.
450 2233 637 2319 Lapationes
671 2257 704 2297 eo
738 2255 777 2297 eu
810 2235 958 2298 universo
986 2233 1098 2319 ferme
1135 2234 1207 2298 orbe
1245 2257 1318 2298 con-

270 2338 451 2423 flunerant.
498 2334 622 2410 Quibus
644 2360 706 2422 per
729 2337 906 2422 complures
928 2338 996 2401 dies
1024 2337 1161 2400 studiose
1192 2337 1321 2400 auditis

279 2441 425 2526 deinceps
459 2442 505 2505 ad
535 2441 779 2526 Hephaestionis
812 2440 965 2526 eaequias
999 2441 1121 2504 adiecit
1154 2439 1319 2503 animum.

280 2543 372 2619 Quae
401 2567 525 2609 summo
559 2546 703 2609 omnium
736 2544 842 2608 studio
875 2545 923 2608 ita
958 2544 1133 2607 celebratae
1165 2553 1250 2626 sunt,
1284 2555 1321 2606 ut

281 2649 404 2713 nullius
427 2649 472 2712 ad
495 2649 531 2711 id
554 2659 675 2734 tempus
696 2649 780 2734 repis
800 2647 935 2732 feralia
958 2647 1184 2734 mapnitudine
1210 2671 1318 2733 sump-

281 2764 374 2817 tuum
398 2762 638 2837 apparatusque
661 2752 840 2816 celebritate
862 2775 926 2815 non
948 2752 1092 2815 vicerint.
1139 2751 1216 2814 Post
1242 2753 1321 2814 haec

283 2858 399 2943 cupido
414 2858 541 2921 incessit
554 2857 623 2943 rapi
638 2880 701 2942 per
715 2857 933 2940 Pallacopam
953 2879 1082 2919 amnem
1106 2855 1152 2918 ad
1166 2852 1316 2919 Arabum

283 2962 422 3043 confinia
445 2961 647 3048 naoipandi:
677 2984 738 3046 quo
761 2961 896 3042 delatus,
926 2960 1001 3024 urbi
1024 2959 1207 3024 condendae
1236 2961 1319 3024 comi

284 3067 381 3130 modu
415 3067 485 3129 sede
515 3076 650 3151 reperta,
675 3065 875 3129 Graecorum
907 3073 1010 3128 aetate
1045 3073 1103 3127 aut
1136 3063 1322 3127 uulneribus

283 3171 445 3234 invalidos
478 3179 516 3252 et,
547 3171 575 3233 si
605 3171 662 3255 qui
691 3179 796 3254 sponte
826 3177 1058 3249 remanserant,
1092 3168 1139 3230 ibi
1179 3167 1320 3232 collocat.

285 3273 410 3348 Quibus
432 3297 471 3338 en
494 3275 646 3338 sententia
662 3273 819 3359 perfectis
841 3275 913 3337 iam
931 3272 1048 3358 futuri
1070 3294 1200 3336 seimus
1223 3269 1320 3337 Chal·

285 3380 380 3442 daeos
409 3379 577 3460 irridebat,
601 3379 685 3463 quod
708 3378 907 3464 Babylonem
929 3400 993 3440 non
1015 3377 1173 3462 inpressus
1196 3386 1322 3440 tantum

285 3493 359 3547 esset
374 3482 555 3563 incolumis,
579 3505 689 3545 nerum
713 3483 813 3546 etiam
836 3482 1021 3546 enoessisset.
1060 3478 1105 3543 At
1126 3503 1198 3544 uero
1220 3503 1323 3546 reuer-

285 3586 362 3650 tenti
378 3609 439 3670 per
457 3585 604 3669 paludes,
628 3608 710 3671 quas
725 3585 906 3671 Euphrates
921 3586 957 3649 in
972 3584 1190 3669 Pallacopam
1206 3583 1327 3669 effusus

286 3689 399 3774 efficit,
415 3688 555 3773 foedum
571 3711 662 3753 omen
677 3689 820 3753 oblatum
839 3699 891 3753 est.
931 3687 1055 3773 Quippe
1077 3689 1169 3751 rami
1191 3687 1327 3774 desuper

288 3793 501 3878 impendentes
520 3794 700 3856 detructum
724 3795 923 3879 capitinepio
946 3795 1104 3856 diadema
1119 3793 1327 3878 proiecerunt
