3040 4318
257 185 297 250 76
642 184 672 252 o.
693 184 906 240 cussinum

257 394 411 454 convocat
441 387 662 473 expositoque,
698 389 782 472 quod
806 389 986 454 nuntiatum
1009 396 1088 470 erat,
1118 397 1236 471 monet,
1258 395 1294 455 ut

255 490 420 574 regionem
449 496 659 557 monstratam
689 491 851 558 declinent
882 493 1085 577 equitemque
1115 493 1294 580 periculum

257 596 423 662 edoceant.
1374 668 1376 671 ,

205 717 238 768 38
361 702 509 767 Ceterum
533 701 713 767 hortantem
736 704 897 769 exereitus
909 704 1062 769 exaudire
1078 725 1140 770 non
1155 709 1290 788 poterat,
1305 703 1349 776 52

256 825 349 869 usum
380 805 505 870 aurium
535 806 762 891 intercipiente
796 807 925 874 fremitu
955 807 1090 873 duorum
1114 809 1294 892 agminum:
1496 811 1509 886 t

257 910 315 976 sed
337 913 374 976 io
397 917 572 996 conspectu
595 911 738 976 omnium
761 913 861 978 duces
885 920 917 978 et
940 900 1120 998 proximum
1137 933 1296 996 quemque

256 1017 488 1101 interequitans
512 1018 753 1102 alloquebatur:

699 1209 763 1263 One.
783 1210 856 1264 XIV.

225 1351 237 1400 1
363 1326 512 1395 Emensis
547 1335 594 1394 tot
627 1337 731 1394 terras
764 1329 798 1394 in
833 1349 924 1416 spem
957 1331 1121 1412 victoriae,
1164 1331 1204 1398 de
1235 1353 1298 1416 qua

257 1432 476 1498 dimicandum
521 1431 612 1514 foret,
658 1431 719 1498 hoc
763 1453 862 1498 unum
903 1453 1075 1519 superesse
1113 1432 1294 1502 discrimen.

258 1537 431 1601 Granicum
464 1535 517 1601 hio
551 1557 678 1601 amnem
713 1535 908 1621 Ciliciaeque
945 1544 1070 1604 montes
1104 1546 1137 1604 et
1170 1540 1298 1624 Syriam

257 1641 508 1727 Aegyptumque
552 1641 831 1725 praetereuntibus
876 1648 992 1728 raptas,
1039 1643 1183 1726 ingentia
1227 1644 1298 1730 spei

224 1765 240 1814 2
259 1745 444 1828 gloriaeque
468 1744 683 1825 incitamenta,
708 1746 879 1810 referebat.
916 1745 1140 1830 Reprehensos
1164 1767 1204 1811 ex
1219 1747 1299 1830 fuga

259 1850 384 1931 Persas,
413 1855 622 1934 pugnaturos,
645 1848 721 1932 quia
743 1849 858 1932 fugere
881 1869 945 1913 non
968 1859 1111 1935 possent.
1157 1851 1299 1916 Tertium

259 1954 323 2020 iam
345 1953 431 2019 diem
454 1961 541 2018 metu
564 1973 739 2036 exangues,
764 1952 862 2018 armis
886 1949 952 2018 suis
972 1960 1120 2020 oneratos
1136 1954 1167 2020 in
1184 1954 1299 2020 eodem
1337 1959 1347 1976 ¹

258 2057 397 2141 vestigio
421 2058 565 2123 haerere.
610 2057 745 2122 Nullum
775 2057 1010 2142 desperationis
1039 2058 1165 2124 illorum
1194 2059 1299 2125 maius

258 2161 414 2227 indicium
452 2180 525 2226 esse
563 2181 659 2245 quam
698 2161 783 2244 quod
820 2162 926 2243 urbes,
966 2161 1052 2245 quod
1088 2182 1184 2246 agros
1223 2182 1299 2228 suos

259 2273 400 2346 urerent,
432 2265 586 2349 quioquid
608 2286 672 2330 non
704 2265 932 2350 corrupissent,
963 2266 1103 2331 hostium
1133 2287 1205 2333 esse
1229 2287 1300 2332 con·

226 2371 350 2437 stessi.
411 2371 550 2435 Nomina
587 2371 682 2434 modo
719 2391 804 2436 vana
843 2371 988 2454 gentium
1031 2371 1215 2455 ignotarum
1258 2393 1299 2438 ne

260 2475 528 2540 extimescerent:
551 2494 656 2556 neque
680 2475 765 2539 enim
787 2473 830 2539 ad
844 2475 922 2540 belli
939 2474 1113 2541 discrimen
1128 2477 1297 2562 pertinere,

261 2579 315 2662 qui
338 2580 379 2644 ab
402 2579 442 2644 iis
466 2577 607 2664 Scythae
631 2578 727 2661 quive
752 2579 884 2644 Cadusii
906 2578 1154 2665 appellarentur.
1193 2581 1242 2646 ob
1265 2581 1299 2646 id

226 2683 378 2767 4ipsum‚
393 2683 496 2764 ¹quod
525 2683 628 2766 ignoti
661 2689 778 2763 essent,
813 2683 973 2766 ignobiles
1004 2702 1091 2749 esse:
1126 2704 1300 2768 numquam

260 2775 401 2870 ignorari
420 2786 506 2853 viros
529 2788 638 2867 fortes,
666 2793 699 2852 at
722 2786 866 2853 imbelles
883 2807 923 2850 ex
945 2787 1077 2853 latebris
1100 2789 1168 2854 suis
1191 2795 1299 2854 erutos

260 2891 341 2955 nihil
381 2898 509 2975 praeter
538 2891 668 2955 nomina
704 2891 829 2956 afferre.
875 2891 1070 2958 Macedonas
1103 2893 1222 2958 virtute
1252 2912 1300 2957 as-

261 3001 397 3076 secutos,
428 3015 468 3060 ne
492 2995 565 3078 quis
587 3001 654 3060 toto
678 2996 754 3060 orbe
784 2996 874 3060 locus
904 3001 1000 3075 esset,
1031 2995 1086 3078 qui
1108 2996 1192 3062 tales
1213 2997 1299 3062 viros

227 3099 432 3183 pignoraret.
481 3100 686 3164 intuerentur
708 3101 916 3165 barbarorum
942 3099 1141 3165 inconditum
1163 3121 1298 3184 agmen:

262 3191 360 3269 alium
381 3203 463 3268 nihil
485 3211 612 3288 praeter
635 3204 773 3268 iaculum
804 3205 934 3284 habere,
964 3205 1062 3269 alium
1093 3205 1192 3270 funda
1222 3225 1301 3270 saxa

262 3311 387 3391 librare,
423 3311 534 3395 paucis
568 3310 653 3374 iusta
680 3331 769 3375 arma
800 3329 879 3375 esse.
926 3311 1040 3394 Itaque
1070 3311 1158 3375 illino
1191 3310 1301 3396 plures

227 3421 357 3495 estare,
388 3414 463 3479 hino
494 3413 601 3497 plures
632 3414 848 3479 dimicaturos.
895 3415 964 3480 Nec
995 3415 1160 3499 postulare
1191 3434 1236 3494 se,
1266 3424 1301 3480 ut

263 3517 388 3582 fortiter
411 3524 616 3602 capesserent
638 3517 804 3601 proelium,
828 3517 861 3582 ni
885 3517 954 3602 ipse
971 3518 1087 3584 ceteris
1102 3517 1301 3584 fortitudinis

264 3623 378 3687 fuisset
401 3624 600 3707 exemplum:
635 3643 670 3688 se
700 3629 774 3688 ante
804 3623 908 3706 prima
939 3624 1033 3706 signa
1063 3622 1299 3689 dimicaturum.

265 3725 430 3809 Spondere
452 3745 508 3809 pro
532 3745 567 3790 se
590 3733 637 3790 tot
660 3725 834 3807 cicatrices,
859 3727 991 3792 totidem
1008 3726 1149 3811 corporis
1166 3725 1299 3792 decora:

268 3829 350 3895 seire
375 3830 473 3914 ipsos,
497 3849 592 3893 unum
616 3851 718 3913 paene
738 3849 783 3911 se,
799 3830 939 3915 praedae
956 3830 1133 3896 communis
1150 3837 1301 3913 exortem,
