2976 4322
376 195 626 249 HISTORIARUM
643 195 858 250 ALEXANDRI
877 194 928 247 VII
949 199 970 248 1.
991 199 1014 249 2.
1158 195 1219 258 169

179 411 210 469 et
234 404 430 469 desertorum
465 404 589 468 eomes!
636 403 741 485 Miser,
778 423 840 487 quo
874 409 906 468 et
938 401 1022 467 unde
1046 401 1219 486 fugiebas?

179 508 328 591 Edeoisti,
352 516 396 590 ut,
419 527 493 574 reus
516 508 638 593 eapitis,
650 509 845 574 aoousatoris
877 514 983 573 uterer
1004 507 1134 572 verbis'.
1160 507 1219 588 Ille
1239 529 1254 578 7

179 633 330 698 peccasse
354 633 397 694 se,
422 613 479 678 sed
501 613 593 676 baad
617 613 747 696 gravius
770 613 802 676 in
818 611 934 676 fratres
950 632 1044 693 quam
1059 611 1092 675 in
1108 618 1219 676 semet-

178 719 281 801 ipsum
310 717 477 783 fatebatur.
524 717 605 782 Tum
635 738 840 800 veronaque
870 715 1008 781 lacrimis
1037 736 1140 797 neque
1169 737 1219 782 ae-

179 821 428 902 olamationibus,
452 822 522 904 quis
546 821 651 886 studia
674 843 733 902 sua
754 822 921 887 multitudo
946 822 1116 907 profitetur,
1144 828 1219 885 tem-

178 933 377 1009 peraverrmt.
416 925 488 991 Una
510 946 573 990 vox
596 934 673 1008 erat,
696 928 766 1011 pari
789 927 905 1007 emissa
927 946 1092 1007 oorrsensu,
1116 932 1151 991 ut
1173 926 1217 990 in-

178 1031 319 1096 sontibus
342 1038 374 1096 et
397 1031 530 1097 fortibus
554 1031 630 1096 viris
653 1039 808 1118 parceret.
855 1033 958 1097 Amioi
990 1051 1114 1114 quoque
1142 1029 1219 1095 data

178 1135 412 1202 miserioordiae
450 1137 617 1202 oeoasione
656 1143 851 1221 consurgunt
895 1135 1069 1219 flentesque
1106 1155 1217 1218 regem

179 1239 397 1324 deprecantur.
440 1241 497 1306 Ille
514 1241 637 1307 silentio
653 1240 748 1323 faoto,
769 1242 823 1306 ‘m
837 1242 932 1326 ipse',
956 1242 1065 1324 inquit,
1085 1240 1216 1324 eAmyn·
1234 1259 1251 1310 8

178 1351 233 1408 tan
255 1365 327 1410 mea
349 1346 505 1411 sententia
527 1345 705 1430 fratresque
736 1347 804 1412 eius
826 1347 967 1412 absolvo.
1014 1345 1079 1411 Vos
1101 1352 1216 1426 autem,
1305 1341 1310 1356 '

178 1448 318 1530 invenes,
342 1451 426 1526 malo
448 1451 593 1516 benefioii
615 1451 678 1516 mei
701 1450 846 1517 oblivisoi
863 1471 957 1533 quam
972 1450 1105 1536 perieuli
1120 1450 1218 1514 vestri

178 1554 368 1620 meminisse.
415 1555 538 1620 Eadem
559 1555 622 1620 fide
645 1555 746 1621 redite
777 1555 809 1618 in
832 1555 968 1637 gratiam
991 1575 1123 1635 meeum,
1156 1575 1219 1636 qua

177 1657 246 1742 ipse
269 1658 434 1724 vobisoum
463 1667 613 1725 revertor.
660 1660 738 1741 Nisi,
771 1681 852 1743 quae
883 1659 989 1725 delata
1019 1667 1133 1740 essent,
1166 1676 1252 1726 err-9

179 1762 356 1844 oussissem,
391 1765 455 1829 alte
490 1763 697 1830 dissimulatio
730 1786 803 1830 mea
840 1784 1013 1850 suppurare
1052 1763 1215 1848 potuisset.
1302 1823 1306 1826 ,

179 1866 245 1933 Sed
268 1867 366 1934 satius
390 1876 439 1934 est
461 1876 614 1953 purgatos
638 1889 708 1935 esse
732 1889 827 1952 quam
850 1875 1022 1954 suspeetos.
1070 1865 1217 1949 Cogitate

178 1973 335 2038 neminem
365 1974 487 2039 absolvi
516 1993 623 2058 posse·¹
652 1974 712 2039 nisi
743 1974 796 2056 qui
826 1973 943 2038 dixerit
972 1993 1111 2040 oausam.
1158 1974 1269 2055 Tu,.1o

181 2077 326 2162 Amynta,
357 2079 488 2162 ignosce
510 2078 599 2143 fratri
622 2086 684 2144 tuo.
732 2079 884 2144 Pirithoo
914 2078 1098 2163 simplieiter
1120 2078 1216 2143 etiarn

179 2182 254 2246 mihi
279 2183 474 2249 reoonoiliati
496 2183 592 2248 animi
614 2184 660 2248 tui
683 2184 825 2268 pignus’.

148 2297 167 2368 7
286 2287 438 2352 Contione
461 2287 576 2353 deinde
600 2287 729 2353 dimissa
751 2287 982 2371 Polydamanta
996 2288 1105 2353 voeari
1120 2287 1215 2353 iubet.
1238 2308 1268 2359 11

177 2391 288 2475 Longe
302 2431 303 2434 =
318 2393 557 2476 aooeptissimus
588 2392 788 2458 Parmenioni
819 2400 894 2473 erat,
931 2392 1093 2475 proximus
1128 2393 1218 2458 lateri

177 2495 209 2559 in
238 2496 307 2562 aoie
338 2503 422 2562 stare
453 2497 578 2562 solitus:
610 2503 642 2561 et
672 2517 862 2579 quamquam
893 2496 1086 2562 oonsoientia
1116 2496 1215 2562 fretus
1237 2517 1268 2566 12

177 2600 209 2664 in
238 2601 361 2683 regiam
390 2609 529 2683 venerat,
563 2608 678 2682 tamen,
713 2608 748 2666 ut
777 2601 881 2666 iussus
916 2608 964 2666 est
997 2600 1112 2666 iratres
1143 2621 1216 2666 suos

178 2703 338 2786 exhibere,
358 2704 530 2770 admodum
551 2705 682 2770 iuvenes
700 2713 737 2777 ,et
759 2705 829 2788 regi
852 2706 978 2788 ignotos
1002 2705 1042 2770 ob
1066 2711 1214 2785 aetatem,

177 2808 293 2874 fiduoia
314 2809 348 2872 in
369 2809 612 2875 sollieitudinem
635 2830 727 2876 versa
749 2809 909 2895 trepidare
933 2809 1046 2894 eoepit,
1078 2810 1214 2894 saepius,

178 2933 259 2995 quae
289 2933 404 2979 nooere
445 2922 575 2999 possent
605 2935 699 2996 quam
729 2915 842 2996 quibus
874 2914 1023 2994 eluderet,
1055 2922 1213 2999 reputans.

178 3018 247 3082 Iam
268 3018 426 3102 armigeri,
459 3019 572 3101 quibus
594 3019 782 3104 imperatum
805 3025 881 3100 erat,
912 3017 1214 3102 produxeranteos,
1237 3044 1268 3094 13

178 3145 250 3189 oum
287 3143 467 3205 exanguem
504 3130 590 3188 metu
627 3123 859 3207 Polydamanta
896 3123 1025 3208 propius
1063 3123 1217 3189 aooedere

178 3228 265 3293 iubet
287 3227 513 3310 summotisque
537 3228 688 3309 omnibus,
717 3227 883 3308 ‘Scelere’,
915 3227 1023 3310 inquit,
1047 3228 1219 3292 ‘Parmeni-

179 3332 247 3397 onis
271 3352 379 3397 omnes
402 3332 520 3416 pariter
550 3332 683 3416 appetiti
714 3352 829 3412 sumus,
861 3332 999 3396 maxime
1026 3351 1088 3415 ego
1112 3353 1150 3397 ao
1173 3339 1216 3414 tu,

179 3457 257 3520 quos
280 3437 439 3502 amicitiae
462 3437 570 3521 speeie
594 3436 716 3502 fefellit.
763 3437 815 3502 Ad
841 3458 935 3519 quem
964 3436 1217 3521 persequendum
1239 3461 1271 3511 14

179 3541 501 3627 puniendumque-
525 3541 608 3623 vide,
641 3549 791 3624 quantum
813 3541 888 3606 fidei
917 3549 990 3606 tuae
1024 3540 1154 3606 oredam
1176 3579 1219 3589 -

179 3654 210 3712 te
232 3646 374 3712 ministro
397 3646 442 3710 uti
465 3647 569 3711 statui.
609 3645 753 3726 Obsides,
779 3645 853 3710 dum
876 3644 936 3711 hoo
960 3645 1100 3731 peragis,
1125 3653 1216 3711 erunt

180 3750 294 3816 fratres
327 3751 381 3815 tui.
429 3750 633 3816 Prolioisoere
667 3751 699 3815 in
728 3749 870 3815 ⁴Mediam
904 3755 936 3814 et
965 3749 1007 3814 ad
1037 3749 1225 3833 praeleetos,
1238 3774 1269 3824 15

181 3875 269 3924 meos
307 3855 429 3922 litteras
467 3855 603 3940 scriptas
638 3874 733 3920 manu
770 3875 842 3919 mea
875 3853 989 3938 perfer.
1043 3853 1218 3920 Velocitate
