3040 4318
302 211 364 274 132
692 212 723 278 o.
745 209 853 264 cuam
872 209 959 264 auru

295 416 392 482 vobis
429 437 635 500 erumperem,
669 422 704 482 ut
737 415 781 482 ibi
815 416 1014 500 potissimum
1045 425 1139 502 parta
1174 417 1339 484 vobiscum

296 522 395 587 laude
429 529 460 588 et
497 522 600 606 gloria
636 521 766 604 fruerer,
804 521 859 587 ubi
896 541 954 588 uos
990 522 1150 589 uberrima
1184 519 1339 589 victoriae

296 625 440 709 praemia
486 633 664 710 expectant,
710 626 854 707 liberum,
901 625 1074 709 coniugum
1111 635 1340 711 parentumque

295 729 427 810 laetitia,
452 750 525 813 pax,
551 729 650 813 quies,
675 751 781 796 rerum
804 751 862 814 per
883 729 1034 796 virtutem
1049 737 1212 816 partarum
1227 751 1340 796 secura

261 835 467 919 spossessio.
516 834 582 901 Sed
611 835 644 899 iu
672 854 755 900 novo
786 842 826 915 et,
863 834 890 900 si
919 855 1028 900 verum
1058 835 1153 901 fateri
1182 836 1338 917 volumus,

296 940 440 1023 precario
460 939 604 1024 imperio,
621 939 727 1006 adhuc
751 939 861 1022 iugum
884 939 951 1004 eius
974 939 1081 1022 rigida
1103 940 1231 1006 cervice
1247 941 1338 1006 sube-

296 1043 422 1109 untibus
449 1044 603 1125 barbaris,
626 1050 777 1129 tempore,
801 1043 926 1124 milites,
952 1064 1031 1128 opus
1055 1051 1112 1126 est,
1141 1045 1218 1110 dum
1240 1044 1339 1110 mitio

296 1147 382 1212 ribus
405 1147 542 1231 ingeniis
566 1148 756 1229 imbuuntur,
780 1155 812 1214 et
835 1147 983 1213 efferatos
1009 1148 1120 1213 melior
1143 1147 1339 1214 consuetudo

265 1252 483 1336 7permuloet.
527 1253 651 1336 Fruges
683 1272 808 1335 quoque
838 1252 1052 1318 maturitatem
1085 1259 1168 1318 stato
1198 1259 1340 1338 tempore

296 1363 484 1439 expectant:
507 1357 589 1424 adeo
613 1356 708 1422 etiam
730 1357 786 1422 illa
809 1375 920 1422 sensus
943 1356 1045 1422 omnis
1070 1356 1216 1442 expertia
1231 1363 1338 1422 tamen

267 1475 361 1528 esua
385 1461 458 1543 lege
480 1461 658 1528 mitescunt.
706 1460 813 1538 Quid?
844 1461 972 1526 creditis
995 1467 1042 1525 tot
1064 1467 1187 1544 gentes,
1211 1461 1340 1526 alterius

296 1563 429 1649 imperio
451 1586 490 1630 ae
521 1566 647 1631 nomine
681 1572 837 1646 assuetae,
869 1585 933 1630 non
963 1564 1072 1646 sacris,
1103 1588 1168 1630 ooo
1189 1565 1339 1643 moribus,

296 1686 359 1733 non
390 1670 578 1735 commercio
608 1670 738 1752 linguae
771 1668 936 1735 nobiscum
970 1667 1187 1750 cohaerentes,
1225 1668 1340 1734 eodem

298 1773 419 1856 proelio
443 1775 578 1839 domitas
610 1794 690 1855 esse,
722 1794 784 1857 quo
814 1774 920 1841 victae
950 1773 1049 1846 sunt?
1094 1773 1217 1839 Vestris
1242 1772 1339 1838 armis

300 1877 507 1960 continentur,
532 1900 595 1944 non
617 1879 683 1944 suis
697 1879 847 1959 moribus,
872 1885 903 1943 ct
919 1878 972 1960 qui
987 1883 1172 1962 praesentes
1186 1884 1337 1957 metuunt,

296 1980 332 2045 in
365 1983 511 2049 absentia
543 1983 653 2049 hostes
687 1990 788 2048 erunt.
835 1982 915 2047 Cum
949 1981 1025 2047 feris
1055 1981 1166 2047 bestiis
1196 2001 1248 2046 res
1280 1988 1337 2060 est,

297 2106 376 2167 quas
400 2096 511 2172 captas
535 2095 566 2153 et
589 2088 738 2169 inclusas,
763 2087 837 2170 quia
859 2087 1000 2172 ipsarum
1016 2093 1130 2151 natura
1144 2105 1209 2150 non
1224 2092 1336 2170 potest,

264 2190 424 2275 elongior
446 2191 515 2256 dies
538 2192 672 2275 mitigat.
712 2192 753 2256 Et
775 2190 881 2256 adhuc
898 2191 944 2256 sic
960 2210 1032 2274 ago,
1056 2198 1218 2273 tamquam
1233 2187 1371 2258 omnia8

297 2297 430 2362 subacta
467 2297 531 2361 sint
567 2296 672 2378 armis,
712 2317 793 2378 quae
830 2295 958 2361 fuerunt
995 2295 1028 2359 in
1065 2294 1192 2360 dicione
1230 2293 1338 2359 Darei.

297 2398 493 2483 Hyrcaniam
516 2401 721 2465 Nabarzanes
752 2400 936 2485 occupavit:
969 2399 1086 2464 Bactra
1109 2419 1172 2464 non
1195 2397 1338 2482 possidet

297 2505 399 2570 solum
430 2505 590 2589 parricida
612 2506 739 2586 Bessus,
772 2504 829 2569 sed
860 2504 956 2569 etiam
985 2503 1139 2568 minatur:
1173 2501 1339 2584 Sogdiani,

296 2608 421 2690 Dahae,
446 2610 658 2692 Massagetae,
689 2608 800 2689 Sacae,
825 2608 898 2672 Indi
922 2608 971 2672 sui
994 2607 1071 2672 iuris
1095 2613 1177 2672 sunt.
1223 2605 1341 2670 Omnes

248 2724 282 2774 10
300 2712 344 2794 hi,
376 2714 469 2778 simul
499 2721 592 2797 terga
621 2720 730 2778 nostra
758 2713 905 2794 viderint,
937 2713 1143 2794 insequentur
1173 2711 1261 2774 illoc:
1294 2708 1341 2774 illi

298 2816 382 2881 enim
405 2818 549 2884 eiusdem
572 2818 709 2883 nationis
725 2825 814 2899 sunt,
845 2836 903 2882 nos
927 2815 1129 2899 alienigenae
1152 2822 1184 2880 et
1207 2813 1340 2880 externi.

299 2919 372 2986 Suis
392 2923 524 3005 quisque
540 2929 647 2988 autem
662 2922 820 3007 placidius
836 2927 935 3005 paret,
961 2919 1056 2985 etiam
1073 2939 1144 2984 oum
1160 2918 1188 2984 is
1203 2924 1339 3003 praeest,

299 3024 352 3106 qui
382 3027 486 3108 magis
516 3027 621 3091 timeri
647 3031 766 3111 potest.
812 3024 950 3089 Proinde
980 3030 1043 3105 aut,
1076 3043 1158 3105 quae
1189 3022 1339 3106 cepimus,

298 3128 474 3194 omittenda
509 3138 581 3199 sunt
615 3137 677 3212 aut,
721 3151 802 3212 quae
839 3147 903 3192 non
939 3128 1104 3208 habemus
1144 3123 1339 3210 occupanda

251 3249 281 3300 11
303 3230 392 3297 Sicut
426 3233 459 3299 in
493 3234 677 3319 corporibus
711 3233 827 3317 aegris,
862 3231 987 3312 milites,
1026 3230 1115 3312 nihil,
1140 3229 1224 3312 quod
1257 3229 1341 3294 noci-

299 3341 404 3401 turum
427 3345 485 3420 est,
512 3338 629 3402 medici
659 3336 849 3420 relinquunt,
881 3336 927 3401 sic
957 3355 1025 3415 nos,
1056 3333 1207 3417 quicquid
1236 3333 1348 3398 obstat

298 3437 440 3524 imperio,
475 3441 664 3507 recidamus.
718 3441 823 3506 Parva
856 3460 954 3524 saepe
988 3438 1127 3504 scintilla
1160 3443 1341 3521 contempta

298 3564 452 3626 maguum
476 3546 629 3612 excitavit
651 3544 841 3610 incendium.
886 3543 941 3608 Nil
963 3549 1032 3607 tuto
1058 3541 1091 3606 in
1120 3540 1213 3606 hoste
1237 3538 1341 3624 despi-

300 3649 398 3714 citur:
430 3672 523 3732 quem
554 3650 722 3734 spreveris,
754 3647 961 3714 valentiorem
991 3644 1197 3729 neglegentia
1227 3643 1336 3710 facias.

248 3769 280 3818 12
299 3753 349 3819 Ne
372 3756 497 3820 Dareus
528 3753 657 3837 quidem
687 3751 915 3818 hereditarium
939 3751 1106 3816 Persarum
1135 3747 1261 3832 accepit
1286 3747 1340 3811 im-

298 3857 429 3942 perium,
461 3857 518 3924 sed
548 3858 579 3922 in
611 3855 720 3923 sedem
744 3854 820 3940 Gyri
850 3853 1006 3920 beneficio
1032 3853 1172 3936 Bagoae,
1205 3850 1334 3916 castrati
