2976 4322
292 194 542 249 ursuoruneuru
560 196 776 251 nnuxnunnr
793 198 871 251 vnn
894 202 915 251 1.
936 202 960 251 n.
1082 198 1143 263 251

567 405 632 458 Gne.
652 405 686 458 ΙΙ.

197 504 332 569 Biduum
354 505 440 589 apud
464 527 535 572 eum
558 508 696 573 substitit
718 528 791 572 rex:
822 508 915 574 tertio
939 507 990 574 die
1020 515 1144 574 amnem
1165 523 1177 571 1

111 627 255 690 superare
278 608 471 691 decreverat,
494 612 630 692 transitu
649 611 812 678 difficilem
835 633 898 677 non
914 611 1016 697 spatio
1040 613 1144 677 solum

111 732 264 796 aquarum,
284 713 342 778 sed
365 713 460 779 etiam
477 715 562 780 saxis
585 716 780 801 impeditum.
817 717 1024 781 Percontatus
1046 715 1144 798 igitur
1162 731 1178 779 2

111 816 243 900 Phegea,
275 837 356 898 quae
378 818 540 884 noscenda
570 828 668 901 erant,
692 831 744 882 ΧΗ
768 818 890 884 dierum
920 820 1002 884 ultre
1025 818 1143 885 flumen

111 942 163 1006 per
195 927 300 986 uastas
340 923 526 989 solitudines
560 924 620 990 iter
661 945 732 990 esse
774 924 956 1007 cognoscit:
996 923 1143 1008 excipere
1173 927 1176 932 “

111 1025 216 1091 deinde
238 1024 381 1109 Gangen,
413 1028 586 1094 maximum
615 1029 712 1094 totius
742 1027 856 1094 Indiae
885 1027 1068 1092 fluminum:
1093 1028 1174 1092 ul-3

111 1131 246 1196 :eriorem
278 1129 381 1214 ripam
415 1133 518 1198 colere
551 1139 663 1216 gentes
698 1131 898 1214 Gangaridas
933 1138 965 1196 et
999 1131 1140 1212 Prasios,

111 1255 271 1316 eorumque
293 1254 401 1318 regem
425 1255 496 1302 esse
524 1237 751 1320 Aggrammen,
775 1249 825 1300 XX
849 1235 976 1302 milibus
999 1235 1141 1317 equitum

111 1338 306 1420 incautisque
328 1338 472 1422 peditum
495 1340 692 1407 obsidentem
722 1341 799 1407 vias.
847 1340 897 1404 Ad
921 1340 982 1404 hoc
1013 1335 1175 1421 quadri-4

111 1463 209 1525 garum
232 1453 258 1505 ΙΙ
280 1442 367 1507 milia
382 1444 507 1510 trahere
523 1451 564 1526 et,
588 1445 795 1530 praecipuum
810 1452 973 1524 terrorem,
990 1441 1139 1526 elephan-

113 1567 163 1611 os:
188 1565 265 1629 qnos
288 1557 327 1610 111
358 1547 479 1612 milium
501 1569 667 1614 nnmerum
692 1550 820 1634 explere
851 1548 988 1613 dicebat.
1035 1547 1139 1612 Incre-

111 1651 207 1716 libilia
235 1652 306 1734 regi
337 1651 441 1715 omnia
470 1652 667 1718 videbantur.
715 1653 818 1736 Igitur
840 1654 957 1716 Porum
990 1687 1028 1696 —
1061 1665 1169 1715 name

111 1775 168 1818 :um
191 1774 228 1820 eo
252 1761 320 1818 erat
344 1791 384 1802 -
407 1764 619 1840 percontatur,
642 1779 683 1822 an
705 1777 784 1823 vcra
806 1761 920 1836 essent,
945 1775 1027 1837 quae
1051 1753 1136 1819 dice-

112 1866 210 1923 entur.
256 1858 314 1924 Ille
344 1859 427 1924 vires
457 1859 586 1942 quidem
619 1861 724 1944 gentis
755 1868 786 1926 et
816 1859 908 1944 regni
938 1857 1024 1922 haud
1054 1855 1171 1923 salsos

111 1963 205 2027 aeteri
227 1962 372 2044 affirmat,
405 1970 553 2042 ceterum,
579 1964 632 2047 qui
655 1971 813 2047 regnaret,
844 1985 908 2028 non
930 1962 1025 2027 modo
1047 1962 1136 2046 igno·

111 2067 188 2131 ilem
205 2086 286 2146 esse,
302 2066 360 2132 sed
376 2067 471 2132 ctiam
493 2069 624 2133 ultimae
640 2069 752 2133 sortis:
770 2069 889 2152 quippe
905 2073 1029 2151 patrem
1054 2066 1132 2146 eius,

111 2191 253 2236 nnsorem
264 2171 319 2236 vix
332 2170 442 2235 diurno
459 2180 593 2253 quaestu
608 2173 848 2256 propulsantem
864 2171 990 2252 famem,
1004 2177 1135 2255 propter

113 2275 235 2340 abitum
260 2274 346 2340 haud
375 2274 559 2341 indecorum
590 2277 679 2341 cordi
702 2277 801 2342 fuisse
831 2276 971 2358 reginae.
1020 2274 1071 2339 Ab
1095 2289 1168 2340 ear

111 2403 121 2444 1
144 2379 326 2465 propiorem
356 2381 432 2461 eius,
456 2381 510 2463 qni
539 2388 607 2445 tum
629 2387 805 2464 regnasset,
838 2379 998 2444 amicitiae
1030 2379 1135 2444 locum

111 2485 254 2550 dmotum
275 2485 441 2550 interfecto
473 2504 511 2550 eo
534 2506 591 2568 per
620 2485 753 2550 insidias
784 2485 843 2550 sub
876 2482 983 2568 specie
1013 2483 1133 2549 tutelae

111 2590 225 2654 berum
255 2588 323 2654 eius
345 2588 500 2654 invasisse
530 2609 665 2672 regnum
690 2589 875 2670 necatisque
908 2587 1017 2672 pueris
1040 2587 1133 2668 hunc,

111 2693 140 2756 ui
156 2713 241 2758 nunc
256 2699 378 2776 regnat,
395 2713 574 2776 generasse,
590 2693 727 2759 inrisum
740 2693 899 2774 vilemque
915 2690 1132 2778 popularibus,

111 2797 191 2878 ragis
207 2803 359 2880 paternae
371 2797 516 2862 fortunae
532 2818 626 2881 quarn
649 2817 726 2862 suae
741 2815 921 2862 memorem.
952 2794 1133 2859 Affirmatio
1151 2815 1168 2867 8

112 2900 159 2964 ori
182 2901 392 2986 multiplicem
414 2901 520 2966 animo
543 2902 627 2984 regis
654 2902 805 2984 iniecerat
828 2919 946 2964 curam.
995 2897 1133 2964 Hostem

111 3005 262 3088 eluasque
293 3005 472 3090 spernebat,
507 3005 602 3071 situm
633 3007 773 3070 locorum
804 3011 835 3069 et
868 3002 933 3067 vim
963 3000 1132 3066 fluminum

111 3107 324 3174 rtimescebat.
370 3110 542 3193 Relegatos
558 3110 590 3173 in
606 3109 750 3174 ultimum
772 3127 875 3192 paene
890 3126 997 3170 rerum
1021 3105 1131 3172 huma·
1149 3129 1166 3179 9

111 3233 195 3278 trum
219 3213 370 3297 persequi
391 3214 559 3280 terminum
586 3221 617 3278 et
640 3234 749 3280 eruere
780 3212 916 3277 arduum
938 3211 1129 3278 videbatur:

111 3336 193 3381 ursus
217 3317 353 3382 avaritia
375 3317 498 3400 gloriae
521 3324 553 3381 et
575 3314 766 3383 insatiabilis
789 3315 906 3401 cupido
922 3315 1025 3380 famae
1049 3312 1130 3380 nihil

113 3421 213 3503 vium,
249 3423 328 3487 nihil
365 3429 519 3488 remotum
557 3421 658 3486 videri
697 3421 830 3486 sinebat.
890 3420 932 3484 llt
969 3417 1127 3483 interdum
1148 3441 1180 3492 10

111 3526 266 3606 rbitabat,
296 3548 338 3591 an
362 3526 567 3607 Macedones,
597 3531 645 3590 tot
676 3524 796 3590 emensi
827 3523 932 3608 spatia
962 3529 1127 3602 terrarum,

137 3629 211 3694 acie
243 3631 330 3695 etin
361 3629 474 3695 castris
505 3647 598 3695 senes
629 3628 716 3709 facti,
741 3648 798 3712 per
828 3627 955 3692 obiecta
984 3625 1126 3707 flumina,

111 3755 138 3798 er
169 3739 220 3798 tot
243 3740 376 3800 naturae
407 3735 573 3800 obstantes
604 3732 811 3798 difficultates
841 3730 980 3796 secuturi
1004 3736 1127 3796 essent:

111 3837 288 3903 >undantes
325 3844 520 3920 onustosque
543 3836 664 3921 praeda
686 3836 790 3918 magis
824 3841 916 3918 parta
950 3834 1011 3898 frui
1044 3833 1127 3899 velle
