3040 4318
269 229 329 293 138
657 232 687 298 Q.
709 231 817 286 CURTI
835 231 923 285 RUFI

265 434 367 500 hostis
390 435 424 500 in
446 444 620 520 conspectu
643 443 719 501 erat.
766 437 933 501 Tumultus
964 437 1067 521 magis
1098 458 1193 520 quarn
1214 457 1302 522 proe-

264 539 341 604 lium
374 539 443 604 fuit.
490 540 659 606 Deturbati
693 561 734 604 ex
764 540 909 622 collibus,
946 561 1025 624 quos
1057 541 1300 625 occupaverant,

264 642 392 708 barbari
414 643 632 727 profugerunt,
656 644 854 728 proximique
878 645 949 726 vici,
973 647 1015 711 ab
1037 645 1151 710 incolis
1175 645 1301 723 deserti,

214 763 245 812 13
264 747 439 831 capiuntur.
485 748 642 813 Interiora
664 748 804 830 regionis
828 749 895 814 eius
918 749 1007 813 haud
1030 769 1106 814 sane
1129 745 1213 813 adiri
1235 748 1302 813 sine

264 871 382 934 magna
419 851 587 916 vexatione
626 851 783 917 exercitus
820 859 977 936 poterant.
1031 854 1111 934 luga
1149 852 1303 917 montium

265 955 427 1039 praealtae
466 955 567 1021 silvae
600 977 758 1040 rupesque
792 956 897 1022 inviae
932 959 1096 1042 saepiunt:
1136 978 1182 1038 ea,
1223 977 1303 1039 quae

265 1059 362 1142 plana
376 1066 458 1140 sunt,
483 1079 566 1125 novo
589 1059 774 1124 munimenti
797 1081 916 1143 genere
939 1061 1151 1145 impedierant
1166 1060 1302 1125 barbari.

217 1177 249 1228 14
267 1161 407 1228 Arbores
442 1164 562 1229 densae
597 1171 677 1244 sunt,
702 1164 742 1228 de
779 1164 936 1229 industria
973 1165 1132 1230 consitae:
1172 1151 1302 1246 quarum

265 1275 390 1332 teneros
406 1267 512 1332 adhuc
535 1287 640 1332 ramos
663 1288 758 1332 manu
781 1266 920 1350 flectunt,
942 1289 1020 1350 quos
1043 1269 1177 1334 intortos
1196 1288 1304 1332 rursus

265 1371 407 1436 inserunt
429 1379 548 1436 terrae:
572 1370 646 1436 inde
662 1371 750 1436 velut
773 1393 813 1436 ex
829 1371 893 1436 alia
907 1371 1016 1436 radice
1032 1373 1181 1437 laetiores
1200 1371 1304 1436 virent

215 1491 247 1540 15
265 1475 377 1540 trunci.
423 1475 500 1556 Hos,
537 1496 599 1557 qua
629 1483 743 1540 natura
773 1475 842 1556 fert,
878 1476 1063 1540 adolescere
1093 1497 1157 1540 non
1188 1476 1302 1556 sinunt,

266 1579 383 1663 quippe
406 1579 503 1643 alium
526 1578 582 1642 alii
608 1579 699 1661 quasi
722 1600 807 1644 nexu
830 1587 1018 1644 conserunt:
1050 1581 1103 1662 qui
1126 1579 1304 1644 ubimulta

265 1683 379 1748 fronde
412 1682 521 1748 vestiti
554 1689 636 1764 sunt,
675 1682 822 1767 operiunt
857 1691 982 1748 terram.
1037 1684 1149 1766 Itaque
1187 1683 1304 1748 occulti

215 1810 247 1860 16
265 1807 423 1851 ramorum
437 1787 525 1852 velut
547 1786 653 1869 laquei
675 1792 830 1871 perpetua
853 1807 949 1871 saepe
971 1787 1033 1852 iter
1056 1787 1197 1852 eludunt.
1232 1787 1305 1853 Una
1374 1789 1379 1794 ’

265 1891 346 1955 11111
380 1897 448 1955 1111
482 1889 646 1955 caedendo
680 1891 803 1975 aperire
839 1891 963 1971 saltum,
999 1890 1057 1956 sed
1087 1891 1148 1956 hoe
1179 1911 1303 1973 quoque

244 2005 245 2010 ’
265 1994 376 2077 magni
399 1993 515 2078 operis.
562 1994 672 2058 Crebri
695 2015 831 2076 namque
854 1995 930 2060 nodi
953 1993 1145 2060 duraverant
1167 1995 1302 2078 stipites,

267 2098 346 2164 etin
362 2118 396 2163 se
412 2097 567 2182 implicati
582 2099 731 2163 arborum
745 2098 834 2178 rami,
852 2099 1015 2184 suspensis
1031 2099 1157 2163 circulis
1173 2097 1302 2179 similes,

215 2231 247 2281 17
265 2203 351 2268 lento
383 2202 499 2268 vimine
533 2201 766 2267 frustrabantur
799 2203 891 2268 ictus.
937 2203 1067 2268 lneolae
1101 2209 1217 2283 autem,
1241 2201 1302 2266 ritu

266 2307 404 2372 ferarum
433 2305 574 2389 virgulta
604 2306 710 2371 subire
738 2306 832 2387 soliti,
855 2314 922 2371 tum
953 2327 1077 2389 quoque
1107 2307 1303 2370 intraverant

266 2411 381 2476 saltum
404 2411 599 2492 occultisque
621 2411 695 2475 telis
719 2410 843 2475 hostem
859 2411 1069 2475 lacessebant.
1095 2409 1164 2490 llle,
1184 2430 1301 2474 1111111-
1316 2413 1353 2485 17

265 2513 343 2580 tium
372 2513 466 2580 modo
496 2513 629 2578 latibula
662 2521 828 2596 scrutatus,
854 2515 1024 2598 plerosque
1055 2512 1206 2579 confodit.
1252 2513 1303 2578 Ad

265 2617 408 2684 ultimum
432 2618 679 2684 circumitores
709 2619 826 2683 saltum
848 2617 965 2683 milites
989 2617 1085 2702 iubet,
1114 2625 1157 2698 ut,
1190 2617 1217 2682 si
1241 2637 1303 2700 qua

216 2751 248 2802 18
266 2730 399 2808 pateret,
423 2724 642 2807 irrumperent.
692 2721 757 2787 Sed
785 2721 907 2805 ignotis
937 2722 1017 2786 11111
1047 2721 1191 2806 plerique
1215 2721 1301 2786 ober-

265 2827 387 2910 rabant,
412 2828 602 2912 exceptique
625 2834 698 2892 sunt
721 2827 858 2908 quidam,
886 2823 970 2890 inter
993 2845 1071 2908 quos
1094 2845 1193 2907 equus
1216 2825 1302 2908 regis

265 2971 308 2978 -
324 2932 540 3018 Bucephalam
556 2932 714 2996 vocabant
736 2969 779 2977 -
801 2951 894 3013 quern
910 2929 1093 2995 Alexander
1111 2950 1176 2994 non
1191 2929 1303 2994 eodem

266 3057 327 3120 quo
359 3045 481 3102 ceteras
516 3035 656 3121 pecudes
690 3035 796 3099 animo
829 3034 1027 3099 aestimabat.
1073 3034 1218 3115 Namque
1249 3033 1302 3097 ille

266 3162 324 3206 neo
347 3141 380 3208 in
404 3141 497 3206 dorso
527 3139 666 3204 insidere
697 3159 753 3204 suo
784 3139 965 3222 patiebatur
994 3138 1091 3202 alium
1121 3145 1152 3202 et
1181 3158 1300 3220 regern,

266 3266 337 3310 curn
360 3244 457 3310 vellet
480 3242 662 3324 escendere,
680 3249 792 3326 sponte
816 3263 922 3324 genua
945 3241 1143 3308 summittens
1167 3241 1302 3325 excipie-

215 3371 247 3422 19
268 3351 321 3414 bat
344 3348 593 3430 credebaturque
620 3347 746 3427 sentire,
779 3367 872 3428 quern
894 3345 1035 3410 veheret.
1081 3345 1201 3410 Maiore
1225 3365 1302 3426 ergo

265 3475 360 3537 quam
393 3453 528 3518 decebat
562 3452 609 3516 ira
639 3451 732 3516 simul
765 3471 803 3515 ac
839 3448 947 3515 dolore
977 3449 1156 3515 stimulatus
1187 3469 1302 3532 equum

265 3557 418 3642 vestigari
441 3557 529 3622 iubet
555 3564 587 3621 et
617 3577 674 3640 per
704 3555 911 3640 interpretem
941 3553 1147 3639 pronuntiari,
1180 3553 1213 3617 ni
1234 3553 1303 3618 red-

267 3662 430 3742 didissent,
462 3661 620 3726 neminem
651 3680 721 3725 esse
751 3660 915 3726 victurum.
961 3657 1034 3724 Hac
1065 3657 1302 3724 denuntiatione

216 3788 249 3838 20
267 3765 368 3831 territi
391 3786 462 3829 oum
485 3764 599 3830 ceteris
630 3763 721 3829 donis
752 3784 867 3846 equum
889 3763 1059 3828 adducunt.
1105 3760 1171 3828 Sed
1192 3781 1233 3826 ne
1256 3761 1302 3826 sic

269 3873 395 3956 quidem
418 3872 582 3955 mitigatus
613 3869 704 3934 caedi
734 3870 831 3935 silvas
861 3869 948 3933 iubet
978 3873 1176 3950 aggestaque
1206 3865 1302 3930 humo
