3040 4318
271 217 332 282 146
658 216 688 282 o.
709 212 817 268 cunm
836 215 923 270 aum

266 422 418 503 audierat,
457 422 569 507 aperit.
631 421 787 505 Coeperat
824 419 977 485 Cebalino
1015 439 1087 485 2222
1125 430 1303 506 suspectus.

215 544 248 593 22
266 525 389 609 Itaque,
412 547 476 592 non
498 527 582 590 ultra
603 524 871 609 interpellandum
894 531 991 606 ratus,
1015 525 1113 591 nobili
1139 525 1247 592 iuveni
1262 565 1305 572 —

267 631 391 695 Metron
414 637 481 694 erat
504 630 533 694 ei
556 649 670 694 nomen
693 667 736 674 -
759 648 855 713 super
885 629 1161 693 armamentarium
1191 631 1302 715 posito,

216 751 249 802 23
268 734 354 817 quod
376 735 481 799 scelus
503 745 678 819 pararetur,
709 732 838 797 indicat.
875 732 942 813 llle,
967 732 1120 797 Cebalino
1150 733 1183 798 in
1205 755 1305 798 arma-

268 839 422 904 mentario
445 836 641 918 abscondito,
665 837 809 922 protinus
839 836 908 919 regi
929 855 1044 920 corpus
1067 836 1149 901 sorte
1173 839 1304 919 curanti,

217 959 251 1009 24
269 943 344 1025 quid
367 942 464 1008 index
487 941 662 1021 detulisset,
694 939 845 1005 ostendit.
880 941 947 1005 Rex
971 940 1013 1005 ad
1036 939 1359 1026 comprehenden-2l

269 1048 343 1111 dum
367 1047 530 1130 Dymnum
552 1045 657 1110 missis
681 1045 873 1109 satellitibus
900 1045 1178 1110 armamentarium
1200 1046 1305 1110 intrat.

196 1227 198 1232 Ι
268 1151 315 1216 Ibi
341 1149 520 1230 Cebalinus,
552 1147 671 1231 gaudio
702 1149 815 1228 elatus,
843 1148 969 1214 ‘Habeo
993 1151 1051 1231 te',
1080 1150 1190 1233 inquit,
1211 1151 1308 1217 ‘inco-

217 1270 250 1320 25
269 1256 385 1320 lumem
422 1275 462 1318 ex
488 1254 655 1338 impiorum
695 1253 842 1318 manibus
880 1257 1051 1338 ereptum’.
1099 1256 1307 1322 Percontatus

269 1358 383 1423 deinde
406 1357 599 1438 Alexander,
631 1377 712 1439 quae
735 1357 898 1422 noscenda
927 1366 1027 1440 erant,
1061 1360 1171 1425 ordine
1195 1370 1309 1427 cuncta

269 1463 443 1545 cognoscit.
503 1461 685 1543 Rursusque
721 1463 834 1526 institit
872 1482 1033 1544 quaerere,
1080 1472 1193 1546 quotus
1240 1465 1309 1529 dies

269 1573 364 1646 esset,
395 1587 435 1630 ex
459 1585 520 1648 quo
543 1565 758 1630 Nicomachus
788 1565 925 1631 adeum
956 1566 1122 1633 detulisset
1144 1568 1306 1634 indicium.

218 1686 250 1736 22
270 1670 374 1752 Atque
407 1669 462 1734 illo
496 1668 616 1734 fatente
645 1670 709 1734 iam
738 1671 864 1734 tertium
895 1691 975 1755 esse,
1005 1672 1192 1736 existimans
1222 1673 1309 1737 haud

268 1773 451 1858 incorrupta
472 1772 535 1838 fide
557 1780 646 1837 tanto
677 1782 750 1858 post
780 1773 913 1855 deferre,
946 1795 1027 1857 quae
1057 1776 1210 1857 audierat,
1239 1778 1306 1843 vin-

217 1878 325 1944 272121
349 1897 420 1942 eum
443 1877 543 1942 iussit.
590 1877 651 1942 1112
674 1878 838 1942 clamitare
870 1880 982 1964 coepit,
1016 1879 1128 1945 eodem
1159 1886 1310 1966 temporis

269 1989 439 2062 momento,
478 2002 539 2064 quo
571 1980 722 2063 audisset,
762 1983 804 2046 ad
837 1982 986 2048 Philotan
1027 1985 1224 2052 decurrisse:
1271 1991 1311 2054 ab

218 2101 252 2152 28
270 2107 308 2151 eo
350 2086 464 2171 operiri
506 2091 677 2170 comperta.
731 2085 801 2150 Rex
845 2087 1019 2153 identidem
1068 2111 1228 2173 quaerere,
1271 2115 1312 2158 an

270 2191 419 2254 Philotan
452 2189 581 2270 adisset,
616 2211 658 2255 an
690 2191 858 2256 institisset
892 2192 930 2273 ei,
966 2200 1001 2257 ut
1034 2195 1237 2278 pervenirent
1271 2199 1313 2263 ad

271 2317 315 2360 se.
351 2296 582 2359 Perseverante
605 2315 643 2358 eo
666 2293 833 2375 affirmare,
866 2316 947 2378 quae
970 2296 1102 2379 dixerat,
1135 2321 1248 2366 manus
1273 2303 1315 2367 ad

270 2399 394 2465 caelum
417 2397 553 2462 tendens
576 2398 777 2463 manantibus
809 2398 948 2465 lacrimis
978 2401 1061 2466 hanc
1093 2403 1154 2468 sibi
1177 2426 1197 2468 a
1220 2407 1314 2474 caris·

270 2505 350 2569 simo
382 2501 543 2585 quondam
573 2502 746 2566 amicorum
775 2503 910 2567 relatam
940 2505 1077 2586 gratiam
1111 2510 1312 2589 querebatur·

219 2622 252 2672 29
269 2608 355 2672 Inter
388 2607 470 2671 haec
500 2606 657 2690 Dymnus,
688 2606 776 2670 haud
797 2607 936 2690 ignarus,
973 2629 1068 2691 quam
1103 2614 1144 2677 ob
1179 2633 1313 2680 oausam

269 2717 486 2776 accerseretur
518 2731 538 2774 a
570 2730 657 2792 rege,
693 2709 809 2791 gladio,
850 2730 911 2792 quo
949 2711 1030 2778 forte
1070 2722 1138 2779 erat
1176 2717 1308 2800 cinctus,

270 2815 410 2898 graviter
446 2833 481 2879 se
518 2814 663 2878 vulnerat
700 2833 897 2897 occursuque
942 2817 1116 2882 satellitum
1154 2820 1310 2888 inhibitus

219 2935 253 2984 30
270 2918 429 3004 perfertur
450 2919 484 2981 in
506 2917 637 2999 regiam.
681 2918 783 2994 Quem
805 2919 931 2984 intuens
954 2941 1020 3001 rex,
1042 2919 1174 3005 ‘Quouz
1200 2922 1315 3008 inquit,

267 3025 315 3086 ‘in
343 3030 384 3102 te,
419 3022 555 3104 Dymno,
591 3028 714 3086 tantum
748 3022 888 3105 cogitavi
918 3023 1020 3106 nefas,
1055 3034 1090 3091 ut
1120 3027 1177 3092 tibi
1208 3029 1311 3095 Mace-

273 3125 390 3190 donum
412 3145 512 3208 regno
542 3125 668 3207 dignior
690 3126 834 3190 Philotas
864 3147 915 3192 me
947 3148 1071 3212 quoque
1097 3130 1168 3215 ipso
1191 3133 1315 3199 m'dere-

272 3229 362 3294 tur?'
409 3230 502 3293 Illum
531 3230 595 3293 iam
627 3230 789 3295 defecerat
819 3251 891 3297 vox.
939 3233 1052 3317 ltaque
1083 3235 1168 3300 edito
1192 3241 1314 3320 gemitu

272 3335 425 3416 vultuque
455 3355 474 3396 a
513 3341 686 3417 conspectu
723 3336 809 3418 regis
840 3357 954 3402 averso
985 3339 1121 3405 subinde
1153 3343 1314 3428 collapsus

274 3439 479 3520 extinguitur.

222 3566 253 3615 31
320 3608 324 3617 ,
377 3544 446 3607 Rex
469 3543 596 3608 Philota
624 3544 732 3608 venire
762 3545 795 3608 in
825 3546 947 3628 regiam
976 3547 1071 3630 iusso,
1100 3549 1308 3634 ‘Cebalinus’,
1322 3555 1366 3628 28

273 3647 382 3729 inquit,
410 3647 565 3711 ‘ultimum
589 3648 779 3732 supplicium
809 3649 950 3730 meritus,
982 3652 1062 3716 siin
1088 3662 1183 3738 caput
1205 3678 1312 3724 meum

274 3759 481 3835 praeparatas
515 3753 647 3817 insidias
681 3753 778 3817 biduo
811 3755 900 3834 texit,
935 3755 1030 3821 huius
1064 3758 1204 3824 criminis
1240 3762 1313 3826 Phi-

275 3856 363 3919 lotan
392 3876 480 3920 reum
511 3856 679 3937 substituit,
710 3858 753 3921 ad
783 3879 875 3940 quem
907 3861 1049 3943 protinus
1078 3863 1228 3928 indicium
1260 3865 1313 3931 de·
