3040 4318
290 189 352 254 104
674 188 704 253 Q·
726 185 833 240 cunm
852 184 938 237 eurr

251 411 268 462 9
390 396 503 462 Graeci
522 400 728 460 excesserant
746 393 840 474 vallo,
856 389 1073 474 deliberaturi,
1099 392 1177 476 quid
1199 388 1325 477 potissi·
1341 393 1384 464 18

286 521 373 566 mum
388 520 500 584 aroge
516 504 676 584 peterent:
693 517 829 580 eumque
845 497 918 563 aliis
934 495 1043 563 sedem
1058 497 1093 562 in
1106 496 1185 562 Asia
1199 516 1325 579 rogare,

285 605 359 670 aliis
375 603 492 676 reverti
510 601 620 667 domos
636 602 787 686 placeret,
812 601 988 667 Euctemon
1005 599 1165 686 Cymaeus
1181 601 1225 666 ita
1240 602 1327 666 loeu-

236 726 268 774 10
287 719 338 774 tus
361 707 404 772 ad
427 727 481 772 eos
497 704 613 772 fertur:
634 705 744 788 eliqui
760 705 855 770 modo
870 704 967 770 etiam
982 704 1024 770 ad
1040 725 1133 790 opem
1153 703 1325 790 petendam

285 833 326 878 ex
345 811 486 877 tenebris
502 815 534 876 et
554 830 682 876 carcere
701 809 876 894 procedere
893 809 1085 891 erubuimus,
1110 816 1146 874 ut
1164 829 1247 874 nunc
1263 813 1322 891 est,

285 915 444 1001 supplicia
466 922 576 980 nostra
598 951 639 961 —
663 934 797 997 quorum
813 934 872 979 nos
895 913 1016 1000 pudeat
1039 913 1142 996 magis
1155 936 1197 978 an
1218 914 1324 999 paeni-

284 1031 360 1105 teat,
389 1023 545 1088 incertum
572 1029 622 1087 est
652 1059 693 1068 -—
720 1027 884 1088 ostentare
911 1020 1065 1086 Graeciae
1091 1020 1180 1086 velut
1206 1019 1324 1085 laetum

235 1141 264 1189 11
285 1128 502 1212 spectaculum
518 1126 673 1211 cupimus.
707 1125 805 1208 Atqui
828 1125 948 1210 optime
965 1124 1112 1190 miserias
1127 1123 1243 1206 ferunt,
1268 1124 1323 1208 qui

284 1231 495 1312 abscondunt,
520 1250 580 1296 nec
596 1231 662 1296 ulla
677 1236 742 1294 tam
765 1230 932 1296 familiaris
949 1236 998 1295 est
1013 1229 1196 1295 infelicibus
1218 1229 1324 1314 patria

284 1356 379 1419 quam
394 1335 532 1401 solitudo
547 1342 580 1400 et
602 1340 705 1401 status
724 1335 840 1420 prioris
856 1332 984 1400 oblivio.
1019 1336 1102 1399 Nam
1118 1334 1172 1418 qui
1187 1335 1322 1400 multum

283 1441 315 1504 in
339 1460 467 1505 suorum
492 1438 710 1505 misericordia
729 1445 859 1524 ponunt,
885 1438 1043 1522 ignorant,
1067 1459 1161 1522 quam
1177 1438 1322 1504 celeriter

233 1532 270 1607 12'
282 1543 433 1610 lacrimae
448 1539 638 1607 inarescant.
662 1542 766 1606 Nemo
782 1541 920 1607 fideliter
935 1541 1052 1626 diligit,
1070 1562 1165 1626 quem
1181 1541 1320 1608 fastidit:

282 1668 357 1712 narn
380 1653 412 1712 et
443 1646 608 1712 calamitas
632 1647 765 1730 querula
787 1652 836 1712 est
859 1653 891 1712 et
921 1647 1060 1733 superba
1082 1645 1229 1712 felicitas.
1270 1647 1320 1712 Ita

282 1774 373 1820 suam
397 1752 530 1837 quisque
546 1752 705 1818 fortunam
728 1753 762 1817 in
778 1752 911 1818 consilio
927 1753 1035 1833 habet,
1057 1773 1129 1818 cum
1152 1753 1193 1818 de
1215 1752 1320 1818 aliena

282 1857 445 1923 deliberat
492 1856 565 1922 Nisi
596 1863 704 1921 mutuo
726 1857 835 1922 miseri
866 1876 1018 1938 essemus,
1055 1857 1131 1922 olim
1160 1857 1242 1922 alius
1263 1855 1320 1920 alii

281 1960 496 2046 potuissemus
527 1979 599 2026 esse
630 1960 777 2026 fastidio:
802 1959 879 2044 quid
908 1960 1021 2026 mirum
1050 1965 1109 2041 est,
1141 1961 1320 2025 fortunatos

231 2079 263 2129 13
281 2085 408 2151 semper
442 2084 551 2150 parem
581 2065 757 2147 quaerere?
801 2064 943 2130 Obsecro
973 2083 1040 2146 vos,
1073 2064 1148 2129 olim
1177 2064 1245 2128 vita
1268 2064 1320 2131 de·

281 2170 383 2236 functi
406 2188 592 2252 quaeramus
615 2170 729 2246 locum,
752 2170 785 2234 in
810 2191 871 2252 quo
894 2170 975 2234 haee
996 2187 1122 2234 semesa
1138 2167 1317 2235 obruamus.

281 2273 371 2339 Crati
394 2291 526 2358 prorsus
550 2273 748 2356 coniugibus,
775 2293 854 2356 quas
877 2273 1010 2338 iuvenes
1033 2273 1192 2354 duximus,
1217 2293 1319 2340 rever-

280 2379 397 2442 temur!
445 2377 552 2442 Liberi
581 2377 615 2441 in
638 2375 715 2442 flore
738 2383 770 2441 ct
799 2378 915 2443 aetatis
946 2383 978 2443 et
1004 2398 1110 2443 rerum
1139 2385 1319 2461 agnoscent

230 2499 262 2550 14
279 2489 386 2568 patres
411 2481 565 2564 ergastuli
588 2481 793 2547 detrimenta!
842 2482 883 2547 Et
913 2488 1010 2565 quota
1040 2503 1114 2568 pars
1143 2482 1241 2548 nostri
1272 2489 1320 2548 tot

280 2585 368 2651 obire
390 2593 490 2652 terras
512 2586 642 2670 potest?
688 2585 802 2650 Procul
825 2586 952 2671 Europa
981 2587 1015 2650 in
1044 2586 1156 2652 ultima
1179 2586 1318 2653 Orientis

279 2691 425 2773 relegati,
442 2709 547 2769 sance,
563 2689 697 2772 debiles,
707 2689 827 2756 maiore
842 2691 1055 2756 membrorum
1070 2699 1160 2777 parte
1175 2692 1318 2774 mulcati,

279 2797 486 2861 tolerabimus
502 2796 634 2878 scilicet,
660 2816 741 2879 quae
760 2803 900 2862 armatos
916 2803 947 2862 et
966 2797 1105 2863 victores
1124 2797 1315 2881 fatigarunt!

229 2919 260 2968 15
280 2903 441 2985 Coniuges
463 2899 588 2983 deinde,
617 2922 695 2985 quas
718 2903 821 2987 captis
844 2903 910 2968 fors
934 2909 966 2967 et
988 2904 1165 2969 necessitas
1188 2905 1318 2970 unicum

279 3009 430 3074 solacium
453 3009 616 3094 applicuit,
642 3029 821 3093 parvosque
847 3009 964 3075 liberos
981 3010 1135 3076 trahimus
1151 3011 1318 3076 nobiscum

278 3134 320 3177 an
349 3112 582 3196 relinquimus?
627 3113 707 3178 Cum
737 3114 789 3179 his
819 3115 985 3181 venientes
1014 3135 1108 3180 nemo
1138 3135 1317 3199 agnoscere

228 3241 259 3290 16
278 3220 379 3286 volet:
415 3220 630 3302 relinquemus
662 3240 740 3303 ergo
771 3221 930 3306 extemplo
961 3221 1142 3314 praesentia
1167 3205 1316 3306 pignora,

278 3345 349 3388 cum
373 3325 528 3388 incertum
551 3323 601 3405 sit,
634 3346 675 3389 an
698 3325 799 3391 visuri
823 3326 923 3392 simus
946 3325 1010 3406 illa,
1047 3346 1128 3409 quae
1152 3325 1317 3411 petimus?

277 3429 365 3494 Inter
379 3429 440 3494 hos
456 3429 617 3494 latendum
635 3435 692 3510 cst,
717 3431 846 3513 quinos
862 3430 995 3496 miseros
1012 3450 1107 3496 nosse
1122 3433 1316 3516 coeperunt?

227 3547 259 3597 17
382 3531 472 3596 Haec
502 3532 685 3597 Euctemon.
732 3533 850 3598 Contra
879 3533 1073 3600 Theaetetus
1107 3533 1316 3601 Atheniensis
1329 3535 1369 3607 19

278 3656 370 3702 orsus
394 3642 443 3700 est
466 3635 591 3700 dicere:
622 3637 790 3702 Neminem
813 3637 900 3722 pium
930 3638 1042 3704 h'abitu
1065 3637 1208 3723 corporis
1239 3652 1315 3704 suos

278 3739 528 3818 aestimaturum,
559 3739 668 3821 utique
699 3740 834 3806 saevitia
863 3741 974 3822 hostis,
1006 3761 1068 3808 non
1092 3748 1204 3807 natura
1234 3743 1316 3808 cala-

277 3844 419 3909 mitosos.
473 3843 616 3924 Dignum
656 3863 727 3910 esse
765 3845 850 3910 omni
888 3846 981 3928 malo,
1021 3847 1075 3930 qui
1113 3848 1318 3913 erubesceret
