3028 4322
314 210 355 274 10
699 212 729 278 Q.
749 211 857 266 CURTI
875 213 961 267 RUFI

313 415 481 500 Corycium
515 437 635 500 nemus,
670 418 724 484 ubi
758 438 883 484 crocum
917 419 1067 502 gignitur,
1103 425 1279 504 ceteraque,
1314 421 1346 485 in

312 519 428 602 quibus
450 520 531 585 nihil
553 526 681 606 praeter
703 521 822 587 famam
846 522 1023 589 duraverat.

261 639 291 688 11
415 623 599 690 Alexander
631 625 741 691 fauces
774 625 849 709 iugi,
886 646 967 708 quae
1000 628 1101 711 Pylae
1137 627 1345 712 appellantur,
1365 629 1399 698 ll

311 726 448 793 intravit.
497 730 738 815 Contemplatus
760 731 901 796 locorum
921 731 1026 814 situm,
1057 752 1120 797 uon
1143 733 1222 798 alias
1245 733 1347 816 magis

312 831 427 897 dicitur
449 832 623 898 admiratus
646 853 717 899 esse
748 833 933 901 felicitatem
956 855 1064 900 suam:
1095 836 1185 902 obrui
1208 837 1348 921 potuisse

311 937 364 1001 vel
398 936 485 1002 saxis
519 937 737 1019 confitebatur,
776 939 803 1004 si
826 938 972 1020 fuissent,
1011 940 1065 1021 qui
1103 941 1139 1004 io
1176 942 1347 1006 subeuntes

262 1053 293 1104 12
312 1041 536 1125 propellerent.
595 1043 660 1107 Iter
695 1043 750 1106 vix
795 1049 963 1125 quaternos
1008 1044 1155 1128 capiebat
1191 1052 1346 1110 armatos:

312 1143 439 1209 dorsum
474 1144 589 1211 montis
622 1145 808 1211 imminebat
845 1147 917 1212 viae
954 1168 1018 1212 nou
1054 1154 1211 1230 angustae
1244 1148 1345 1230 modo,

311 1248 369 1312 sed
402 1248 588 1333 plerumque
618 1257 818 1334 praeruptae,
853 1249 973 1316 crebris
1007 1251 1227 1316 oberrantibus
1259 1251 1344 1334 rivis,

261 1368 293 1418 13
313 1351 366 1434 qui
389 1371 431 1417 cx
452 1351 612 1418 radicibus
635 1353 790 1419 montium
812 1362 951 1419 manant.
997 1353 1139 1420 Thracas
1168 1361 1276 1420 tamen
1304 1355 1347 1420 le

311 1455 393 1520 viter
414 1463 552 1522 armatos
574 1457 765 1541 praecedere
788 1458 923 1523 iusserat
952 1459 1148 1541 scrutarique
1170 1459 1275 1540 calles,
1306 1479 1346 1525 ne

312 1561 454 1626 occultus
478 1561 578 1627 hostis
601 1561 634 1626 in
664 1561 836 1628 subeuntes
867 1570 1056 1648 erumperet.
1105 1563 1346 1646 Sagittariorum

311 1685 437 1748 quoque
468 1686 579 1732 manus
609 1673 819 1751 occupaverat
847 1667 974 1750 iugum:
1005 1667 1144 1733 intentos
1173 1687 1267 1733 arcus
1294 1667 1346 1732 ha-

261 1783 293 1834 14
311 1768 439 1850 bebant,
462 1769 581 1851 moniti,
605 1790 668 1834 non
691 1770 750 1835 iter
771 1770 859 1855 ipsos
881 1769 967 1851 inire,
989 1771 1046 1835 sed
1068 1770 1231 1855 proelium.
1276 1771 1347 1836 Hoc

311 1872 406 1938 modo
428 1893 545 1957 agmen
561 1874 765 1958 pervenitad
781 1874 892 1939 urbem
907 1875 1038 1956 Tarson,
1062 1875 1113 1940 cui
1127 1880 1195 1940 turn
1209 1875 1346 1940 maxime

311 1981 428 2043 Persae
451 1977 649 2044 subiciebant
670 1979 787 2062 ignem,
811 2000 852 2044 ne
875 1981 1058 2064 opulentum
1080 1979 1231 2065 oppidum
1246 1978 1346 2064 hostis

261 2097 292 2148 15
311 2081 484 2148 invaderet.
539 2083 582 2147 At
611 2083 664 2148 ille
694 2084 904 2148 Parmenione
934 2084 977 2148 ad
1006 2083 1212 2150 inhibendum
1241 2083 1347 2148 incen-

308 2186 395 2253 dium
419 2207 490 2252 cum
513 2187 663 2271 expedita
685 2208 780 2253 manu
802 2188 986 2273 praemisso,
1010 2195 1179 2272 postquam
1194 2187 1346 2253 barbaros

309 2291 448 2357 adventu
486 2312 614 2358 suorum
651 2293 780 2376 fugatos
814 2313 886 2358 esse
920 2293 1076 2376 cognovit,
1115 2293 1225 2357 urbem
1258 2314 1277 2358 a
1310 2311 1346 2358 11

310 2403 529 2462 conservatam
551 2397 656 2465 intrat.

770 2572 834 2626 Can.
853 2573 886 2627 V.
974 2579 975 2582 ’

277 2727 289 2775 1
413 2708 552 2774 Mediam
573 2708 705 2793 Cydnus
728 2710 839 2789 amnis,
864 2709 904 2773 de
928 2728 989 2790 quo
1012 2708 1106 2792 paulo
1128 2716 1202 2774 aute
1225 2709 1401 2781 dictum12

310 2820 366 2894 111,
402 2812 563 2878 interfluit.
609 2815 649 2878 Et
682 2821 758 2879 tune
792 2821 897 2879 aestas
932 2821 1009 2894 erat,
1045 2813 1133 2878 cuius
1164 2814 1253 2878 calor
1282 2835 1345 2878 non

308 2917 404 2982 aliam
427 2917 527 3000 magis
551 2938 644 3000 quam
669 2917 800 2982 Ciliciae
831 2938 916 2982 oram
945 2937 1063 3000 vapore
1093 2917 1169 2982 solis
1191 2917 1344 3002 accendit,

274 3028 341 3086 aet
372 3021 435 3086 diei
470 3021 716 3086 fervidissimum
747 3029 872 3106 tempus
903 3041 973 3086 esse
1003 3029 1161 3105 coeperat.
1209 3022 1344 3087 Pulvere

310 3126 402 3191 simul
432 3147 469 3191 11
500 3125 615 3191 sudore
646 3127 809 3211 perfusum
839 3147 949 3209 regem
978 3125 1124 3191 invitavit
1154 3125 1257 3208 liquor
1289 3125 1344 3191 flu·

310 3231 411 3311 minis,
436 3237 471 3295 ut
493 3230 631 3296 calidum
656 3229 760 3296 adhuc
784 3250 897 3315 corpus
920 3230 1071 3295 ablueret.
1120 3231 1231 3312 Itaque
1253 3238 1343 3296 veste

309 3334 454 3420 deposita
483 3335 516 3398 in
547 3341 720 3420 conspectu
749 3334 886 3417 agminis
909 3373 952 3379 —
975 3334 1124 3399 decorum
1151 3353 1276 3418 quoque
1298 3333 1343 3400 fu-

308 3445 413 3503 turum
435 3446 531 3520 ratus,
563 3438 590 3504 11
620 3439 812 3504 ostendisset
842 3438 915 3520 suis,
949 3437 1012 3504 levi
1042 3445 1074 3503 et
1099 3438 1233 3524 parabili
1256 3439 1343 3504 cultu

309 3542 449 3626 corporis
483 3563 518 3607 se
552 3562 623 3630 csse
657 3549 839 3608 contentum
874 3581 911 3592 -
949 3539 1115 3608 descendit
1148 3541 1182 3607 in
1215 3540 1342 3608 flumen.

275 3646 435 3727 3Vixque
458 3646 592 3730 ingressi
615 3647 719 3712 subito
752 3647 879 3713 horrore
908 3653 995 3712 artus
1025 3645 1131 3728 rigere
1162 3651 1341 3730 coeperunt,

309 3750 411 3835 pallor
426 3747 540 3816 deinde
564 3750 701 3816 suffusus
725 3757 781 3830 est,
806 3757 837 3816 et
858 3757 958 3816 totum
981 3749 1210 3835 propemodum
1228 3769 1343 3835 corpus

274 3853 415 3920 41111111
449 3855 535 3920 11111
568 3855 668 3938 liquit.
716 3854 881 3939 Expiranti
915 3855 1050 3920 similem
1081 3853 1214 3918 ministri
1248 3875 1343 3918 manu
