2970 4322
360 255 612 310 HlSTOltlARUM
630 252 845 310 ALEXANDRI
865 259 943 311 Vllll
964 262 1003 312 10.
1137 260 1200 324 279

161 462 235 528 bilis
264 465 390 547 Persas,
421 463 632 532 defectionem
662 467 830 530 molientes
860 485 1030 551 oppressos
1060 488 1081 531 a
1103 487 1137 531 se
1167 467 1200 530 in

159 568 296 634 vinculis
313 589 393 635 esse.
410 571 596 656 Praeposito
611 571 708 653 igitur
719 570 841 654 regioni
854 569 996 654 Sibyrtio
1010 608 1049 616 —
1062 591 1198 654 namque
1218 583 1255 634 20

160 672 286 753 Μ2222,
302 673 483 759 praefectus
499 675 577 756 eius,
593 696 695 762 nuper
709 675 874 740 interierat
892 676 1003 742 morbo
1020 675 1108 739 -iu
1126 676 1201 741 Oar-

158 775 298 841 maniam
324 777 394 862 ipse
420 780 585 865 processit.
632 779 788 864 Aspastes
818 785 886 844 erat
916 786 1059 864 satrapes
1083 781 1198 863 gentis,
1219 791 1250 840 21

158 889 326 966 suspectus
341 903 392 948 res
407 905 526 949 novare
541 884 690 965 voluisse,
707 884 781 949 dnm
793 883 824 949 in
838 882 932 948 India
946 904 1002 949 rex
1015 890 1072 949 est.
1098 884 1200 962 Quem
1218 894 1252 944 22

158 993 377 1052 occurrentem
400 987 602 1054 dissimulata
622 989 671 1052 ira
704 989 835 1052 comiter
861 988 1027 1069 allocutus,
1052 987 1125 1052 dum
1149 1010 1200 1054 ex-

158 1089 306 1174 ploraret,
338 1111 420 1174 qnae
451 1092 557 1157 delata
586 1099 685 1174 erant,
715 1094 748 1158 in
779 1092 892 1158 eodem
922 1093 1040 1158 honore
1078 1092 1197 1159 habuit.

102 1191 150 1261 42
271 1195 351 1260 Cum
365 1195 440 1261 inde
455 1197 620 1282 praefecti,
637 1197 718 1263 sicut
738 1198 930 1281 imperatum
946 1203 1023 1278 erat,
1047 1217 1199 1280 equorum
1262 1237 1267 1244 -

158 1298 429 1388 iumentorumque
459 1301 611 1385 iugalium
641 1303 705 1367 vim
734 1303 897 1385 ingentem
928 1322 967 1366 ex
998 1302 1092 1382 omni,
1117 1323 1198 1385 quae

159 1403 218 1469 snb
241 1404 375 1490 imperio
398 1412 475 1488 erat,
498 1406 630 1490 regione
652 1407 822 1487 misissent,
846 1406 961 1489 quibus
988 1404 1121 1471 deerant
1144 1406 1198 1470 im-

158 1506 352 1591 pedimenta,
375 1510 528 1575 restituit:
556 1530 646 1575 arma
668 1531 792 1593 quoque
815 1510 858 1574 ad
887 1510 1055 1594 pristinum
1077 1510 1199 1575 reiecta
1218 1518 1251 1568 23

160 1619 235 1677 sunt
257 1613 385 1695 cultum,
410 1615 527 1700 quippe
550 1614 636 1680 haud
658 1615 769 1700 procul
791 1637 810 1680 a
834 1615 965 1681 Perside
980 1614 1114 1679 aberant
1136 1635 1200 1680 non

159 1723 275 1801 pacata
289 1717 393 1800 modo,
410 1718 466 1784 sed
482 1720 579 1785 etiam
595 1721 757 1804 opulenta.
780 1720 891 1802 Igitur,
915 1725 1062 1804 utsupra
1080 1718 1199 1783 dictum
1217 1723 1251 1775 24

159 1827 219 1902 222,
246 1823 423 1888 aemulatus
453 1823 557 1889 Patris
579 1824 686 1888 Liberi
708 1845 773 1888 non
804 1824 938 1906 gloriam
961 1824 1071 1904 solum,
1103 1844 1199 1905 quam

159 1946 200 1989 ex
225 1925 289 1990 illis
323 1927 471 2010 gentibus
504 1927 735 2012 deportaverat,
759 1927 817 1994 sed
851 1927 946 1992 etiam
979 1925 1107 2008 famam,
1131 1927 1198 1992 sive

158 2028 238 2093 illud
249 2029 428 2116 triumphus
440 2031 500 2096 fuit
512 2030 553 2095 ab
570 2052 607 2096 eo
622 2031 757 2115 primum
773 2030 937 2096 institutus
961 2030 1028 2094 sivo
1040 2029 1198 2094 bacchan-

158 2133 237 2197 tium
259 2133 357 2216 lusus,
381 2134 491 2200 statuit
517 2134 641 2216 imitari,
665 2135 771 2199 animo
795 2153 890 2220 super
915 2134 1087 2198 humanum
1110 2134 1196 2198 fasti·

158 2237 247 2320 ginm
270 2239 363 2306 elato.
386 2238 492 2320 Vicos,
508 2260 567 2324 per
582 2258 662 2322 quos
684 2239 746 2303 iter
762 2244 838 2320 erat,
861 2237 991 2304 floribus
1007 2239 1195 2319 coronisque
1214 2245 1247 2294 25

158 2341 256 2406 sterni
279 2341 376 2423 iubet,
401 2343 560 2408 liminibus
582 2342 708 2408 aedium
726 2349 881 2407 creterras
904 2342 978 2406 vino
1001 2341 1141 2426 repletas
1165 2349 1196 2407 et

156 2444 221 2509 alia
244 2445 381 2510 eximiae
403 2446 633 2530 magnitudinis
656 2467 734 2512 vasa
757 2445 893 2530 disponi,
916 2444 1062 2511 vehicula
1079 2445 1196 2511 deinde

157 2554 326 2630 consucta,
349 2556 384 2614 22
413 2550 520 2634 plures
544 2571 658 2634 capere
689 2551 805 2615 milites
828 2557 967 2635 possent,
997 2550 1195 2615 122222222-

156 2652 297 2717 culorum
326 2653 455 2738 modum
484 2655 589 2719 ornari
623 2655 688 2718 alia
717 2653 864 2718 candidis
894 2653 986 2733 velis,
1017 2653 1081 2716 alia
1107 2659 1196 2719 veste

155 2755 305 2839 pretiosa.
330 2755 428 2821 Primi
451 2757 539 2821 ibant
562 2756 657 2821 amici
680 2764 712 2821 22
734 2756 846 2822 cohors
869 2756 970 2839 regia,
993 2756 1089 2821 variis
1110 2757 1194 2821 redi·
1214 2771 1247 2821 22

154 2858 233 2922 mita
254 2857 386 2925 floribus
409 2861 597 2944 coronisque
622 2898 660 2906 -
685 2861 763 2926 alibi
784 2860 950 2926 tibicinum
974 2867 1094 2941 cantus,
1118 2861 1196 2926 alibi

155 2963 245 3046 lyrae
278 2983 373 3029 sonus
410 2964 599 3029 audiebatur
633 3002 673 3010 —
711 2965 787 3029 item
821 2964 976 3030 vehiculis
1009 2984 1066 3050 pro
1104 2965 1195 3050 copia

155 3065 307 3148 cuiusque
330 3065 492 3132 adornatis
515 3068 761 3133 comisabundus
785 3069 954 3150 exercitus,
984 3069 1089 3149 armis,
1114 3089 1194 3150 quae

154 3169 293 3263 maxime
324 3169 440 3235 decora
470 3178 569 3252 erant,
604 3172 943 3256 circumpendentibus.
989 3173 1099 3256 Ipsum
1123 3193 1194 3236 oon-

154 3272 309 3356 vivasque
346 3293 455 3339 currus
492 3275 631 3340 vehebat
665 3277 812 3341 creterris
845 3277 949 3341 aureis
988 3275 1193 3358 eiusdemque

154 3377 308 3442 materiae
344 3379 528 3461 ingentibus
569 3381 691 3465 poculis
732 3380 929 3465 praegravis.
986 3380 1056 3444 Hoc
1098 3380 1192 3444 modo
1212 3395 1245 3444 27

153 3501 213 3564 per
249 3479 320 3546 dies
353 3493 405 3545 Vll
442 3483 706 3550 bacchabundum
743 3505 860 3567 agmen
901 3484 1038 3563 incessit,
1082 3490 1194 3568 parata

153 3584 283 3668 praeda,
307 3585 334 3650 si
358 3585 436 3668 quid
455 3586 547 3651 victis
571 3587 685 3652 saltem
707 3588 863 3653 adversus
883 3587 1072 3652 comisantes
1096 3587 1194 3650 animi

153 3687 284 3753 fuisset:
318 3689 406 3754 mille
428 3689 565 3771 hercule,
596 3691 657 3755 viri
680 3692 774 3756 modo
801 3698 832 3756 et
863 3691 971 3772 sobrii,
997 3701 1047 3755 Vll
1070 3690 1193 3755 dicrum

154 3792 283 3876 crapula
324 3812 440 3874 graves
480 3794 513 3858 in
555 3815 611 3859 suo
652 3795 811 3880 triumpho
856 3815 969 3880 capere
1013 3801 1191 3878 potuerunt.

154 3893 220 3960 Sed
249 3895 383 3977 fortuna,
418 3916 499 3980 quae
529 3900 623 3963 rebus
653 3899 771 3963 famam
793 3899 990 3983 pretiumque
1021 3897 1192 3979 constituit,
1210 3912 1244 3962 22
