2976 4322
348 193 601 248 fflsrcumuuru
618 194 834 249 nnuxnunar
853 196 917 248 vm
939 198 979 248 10.
1000 197 1039 248 11.
1157 193 1221 257 235

127 400 330 483 1000111110
350 400 545 466 detrectante
567 421 689 484 munus,
710 400 794 484 quod
814 423 870 467 rex
886 402 1115 488 occupavisset.
1133 403 1222 466 Intra
1240 411 1256 462 9

177 506 343 592 septimum
364 504 449 572 diem
468 525 621 570 cavernas
641 506 856 590 expleverant,
877 526 948 570 cum
962 526 1019 570 rex
1040 505 1222 588 sagittarios

180 618 211 677 et
234 610 393 694 Agrianos
423 609 510 674 iubet
539 630 597 693 per
623 609 723 674 ardua
746 609 812 674 niti.
837 611 1037 693 Iuvenesque
1056 610 1223 695 promptis-

177 715 272 780 simos
295 735 336 780 ex
358 733 416 778 sua
438 713 567 779 cohorte
591 724 666 777 XXX
686 713 821 796 delegit:
853 713 950 779 duces
984 714 1033 779 his
1057 713 1123 778 dati
1147 721 1219 779 sunt
1239 725 1271 775 10

177 819 298 883 Charus
321 826 353 884 et
376 816 567 898 Alexander,
592 837 686 901 quem
709 817 931 898 remnominis,
956 816 1042 900 quod
1066 816 1126 883 sibi
1151 837 1223 882 cum

177 945 215 989 eo
239 943 403 988 commune
427 928 520 1003 esset,
537 921 709 987 admonuit.
735 920 782 987 Ac
805 921 916 1007 primo„
941 921 1016 1004 quia
1039 929 1105 986 tam
1125 921 1222 986 mani-

177 1027 291 1094 festum
321 1027 495 1112 periculum
525 1033 602 1107 crat,
632 1026 736 1111 ipsum
766 1046 877 1108 regem
911 1024 1083 1091 discrimen
1114 1025 1220 1091 subire

175 1152 238 1195 non
259 1130 393 1215 placuit:
411 1129 468 1195 sed
487 1137 521 1194 ut
540 1129 666 1212 signum
686 1130 763 1194 tuba
781 1129 890 1194 datum
913 1109 971 1210 est,
994 1129 1044 1196 vir
1064 1129 1218 1195 audaciae
1239 1139 1269 1189 11

174 1241 539 1319 p1·omptae,conversus
562 1232 605 1298 ad
628 1233 769 1318 corporis
793 1232 951 1314 custodes,
965 1233 1055 1317 sequi
1079 1253 1114 1299 se
1136 1234 1224 1300 iubet

175 1338 359 1424 primusque
380 1337 510 1403 invadit
533 1337 566 1402 in
582 1358 703 1422 rupem.
733 1338 804 1402 Nec
827 1336 945 1402 deinde
967 1337 1135 1420 quisquam
1159 1339 1224 1403 Ma·

175 1441 332 1508 cedonum
370 1441 526 1524 substitit,
566 1442 751 1525 relictisque
789 1441 980 1507 stationibus
1015 1461 1073 1506 sua
1110 1450 1224 1526 sponte

175 1567 286 1629 regem
317 1547 543 1630 sequebantur.
589 1547 761 1612 Multorum
794 1545 987 1611 miserabilis
1021 1545 1082 1610 fnit
1117 1567 1219 1630 casus,
1244 1556 1276 1605 12

175 1671 265 1734 quos,
278 1672 319 1716 ex
333 1646 506 1736 praerupta
517 1671 596 1737 rupe
609 1652 729 1736 lapsos,
742 1650 847 1716 amnis
859 1649 1091 1735 praeterfluens
1104 1650 1220 1733 hausit,

174 1755 266 1820 triste
289 1755 510 1840 spectaculum
533 1755 632 1821 etiam
655 1775 720 1820 non
743 1754 1017 1838 periclitantibus:
1050 1775 1121 1819 cum
1144 1775 1221 1821 vero

175 1860 281 1925 alieno
304 1859 413 1940 exitio,
436 1860 513 1943 quid
535 1859 617 1945 ipsis
644 1858 822 1926 timendum
845 1859 936 1941 foret,
963 1858 1219 1940 admonerentur,

176 1963 209 2028 iu
233 1970 352 2028 metum
379 1963 598 2029 misericordia
624 1983 719 2028 versa
741 1982 805 2028 non
835 1963 1005 2042 extinctos,
1028 1962 1088 2028 sed
1110 1970 1222 2028 semet·

175 2068 264 2153 ipsos
287 2067 456 2134 deflebant.
503 2068 632 2134 Etiam
659 2088 697 2134 eo
720 2074 911 2152 perventum
933 2075 1011 2149 erat,
1037 2065 1124 2132 unde
1152 2068 1222 2133 sine
1242 2076 1274 2126 13

176 2172 326 2256 pernicie,
349 2173 411 2238 nisi
433 2173 581 2254 victores,
605 2172 709 2238 redire
732 2192 795 2236 non
818 2178 957 2257 possent,
976 2171 1123 2254 ingentia
1144 2193 1224 2238 saxa

174 2273 208 2340 in
235 2277 407 2342 subeuntes
432 2273 696 2362 provolventibus
727 2275 883 2357 barbaris,
910 2275 982 2359 quis
1003 2276 1151 2360 perculsi,
1177 2276 1224 2342 in·

176 2380 284 2446 stabili
301 2388 332 2446 et
347 2379 469 2446 lubrico
484 2379 598 2463 gradu,
615 2379 812 2466 praecipites
825 2379 1021 2446 recidebant.
1040 2381 1220 2446 Evaserant
1242 2389 1274 2438 14

176 2492 284 2549 tamen
318 2484 501 2550 Alexander
534 2491 567 2550 et
601 2483 734 2566 Charus,
771 2505 852 2567 quos
881 2505 952 2548 eum
979 2495 1054 2547 xxx
1088 2483 1224 2550 delectis

177 2589 387 2676 praemiserat
413 2610 478 2670 rex,
503 2596 535 2654 et
566 2588 630 2653 iam
652 2608 797 2675 pugnare
829 2588 1007 2654 comminus
1031 2595 1223 2674 coeperant:

177 2691 235 2758 sed
257 2713 329 2759 cnm
355 2711 491 2778 superne
521 2693 587 2758 tela
617 2692 746 2758 barbari
776 2693 969 2777 ingererent,
1004 2693 1134 2778 saepius
1161 2693 1225 2778 ipsi

177 2795 372 2862 feriebantur
402 2817 496 2880 quam
519 2798 739 2863 vulnerabant.
788 2798 876 2881 Ergo
901 2796 1095 2878 Alexander,
1116 2803 1148 2862 et
1171 2806 1276 2862 110-15

179 2901 272 2966 minis
296 2901 344 2966 sui
368 2907 400 2965 et
422 2901 571 2985 promissi
595 2922 728 2980 memor,
752 2901 828 2966 dum
848 2901 954 2966 acrius
979 2922 1074 2984 quam
1100 2901 1223 2967 cautius

179 3005 320 3086 dimicat,
345 3003 510 3071 confossus
540 3006 680 3089 undique
711 3005 863 3070 obruitur.
910 3004 1014 3082 Quem
1036 3012 1071 3069 ut
1095 3005 1221 3082 Charus
1242 3016 1275 3065 16

178 3109 336 3175 iacentem
358 3109 534 3193 conspexit,
566 3131 658 3175 ruere
689 3110 722 3174 in
753 3108 890 3188 hostem,
922 3109 1063 3174 omnium
1096 3118 1225 3196 praeter

179 3214 331 3279 ultionem
369 3214 545 3293 immemor,
579 3215 686 3299 coepit
721 3215 901 3298 multosque
936 3214 1040 3293 hasta,
1069 3215 1225 3297 quosdam

179 3317 288 3401 gladio
311 3318 479 3383 interemit.
506 3318 572 3383 Sed
594 3339 667 3384 cum
690 3327 738 3384 101
753 3339 851 3382 unum
874 3318 1075 3385 incesserent
1098 3339 1224 3399 manus,

181 3441 275 3508 super
307 3422 403 3488 amici
433 3443 546 3508 corpus
577 3423 745 3508 procubuit
779 3419 944 3488 exanimis.
992 3422 1087 3487 Haud
1118 3442 1222 3502 secus,
1244 3433 1277 3482 17

182 3546 277 3609 quam
299 3547 358 3612 par
381 3533 457 3607 erat,
482 3527 792 3612 promptissimorum
814 3527 965 3592 iuvenum
986 3534 1225 3610 ceterorumque

182 3629 316 3694 militum
343 3629 472 3696 interitu
502 3637 680 3696 commotus
713 3651 771 3696 rex
797 3631 923 3714 signum
957 3630 1101 3716 receptui
1124 3629 1223 3694 dedit.

185 3733 286 3799 Saluti
313 3734 385 3816 fuit,
408 3734 493 3817 quod
528 3735 645 3800 sensim
668 3742 701 3800 et
730 3734 882 3819 intrepidi
912 3755 947 3799 se
969 3741 1167 3818 receperunt,
1192 3740 1224 3798 et
1244 3741 1276 3792 18

185 3838 324 3920 barbari,
349 3837 475 3904 hostem
495 3839 660 3925 depulisse
687 3839 837 3921 contenti,
860 3859 925 3903 non
944 3839 1087 3904 institere
1114 3837 1227 3903 ceden-
