3028 4322
277 233 317 296 12
662 235 692 301 Q.
712 235 821 290 GURTI
839 235 926 290 RUFI

275 439 352 521 quid
374 439 454 525 opis,
486 439 514 504 si
538 438 615 522 quid
636 439 712 505 artis
742 440 775 506 in
796 440 928 506 medicis
952 446 1009 521 est,
1033 439 1142 520 sciant,
1174 458 1309 504 menon

224 557 257 608 14
274 550 339 608 tarn
362 543 471 609 mortis
494 563 589 626 quam
618 543 695 610 belli
724 544 898 611 remedium
928 545 1098 626 quaerere?
1144 543 1309 626 Ingentem

274 648 419 713 omnibus
442 647 617 714 incusserat
640 669 745 714 curam
775 655 840 714 tam
869 668 1022 733 praeceps
1045 647 1206 713 temeritas
1230 646 1307 713 eius.

274 752 359 833 Ergo
389 771 446 836 pro
477 772 511 818 se
542 752 675 833 quisque
705 753 827 837 precari
860 771 1003 837 coepere,
1037 773 1079 817 ne
1108 749 1310 816 festinatione

273 856 449 940 periculum
478 863 620 938 augeret,
652 856 709 921 sed
735 863 819 922 esset
848 857 881 922 in
911 862 1069 942 potestate
1100 854 1309 922 medentium:

224 974 255 1024 15
274 959 439 1046 inexperta
475 959 616 1026 remedia
653 960 739 1026 haud
779 959 894 1026 iniuria
930 961 1008 1046 ipsis
1047 981 1118 1026 esse
1155 966 1310 1044 suspecta,

275 1083 346 1128 curn
375 1062 418 1128 ad
447 1064 619 1149 perniciem
651 1064 718 1130 eius
749 1064 844 1130 etiam
874 1086 892 1129 a
920 1065 1018 1130 latere
1048 1063 1148 1150 ipsius
1178 1062 1311 1147 pecunia

226 1183 257 1232 16
277 1167 463 1234 sollicitaret
487 1166 596 1234 hostis.
643 1168 769 1253 Quippe
799 1169 924 1234 Dareus
955 1168 1042 1234 mille
1071 1169 1191 1233 talenta
1220 1167 1313 1232 inter-

275 1271 385 1338 fectori
409 1272 581 1339 Alexandri
604 1271 750 1338 daturum
780 1293 815 1339 se
844 1272 1041 1358 pronuntiari
1063 1273 1206 1337 iusserat.
1252 1271 1313 1335 lta-

276 1396 338 1460 que
368 1396 408 1442 ne
437 1397 588 1442 ausurum
619 1377 748 1460 quidem
778 1397 970 1460 quemquam
999 1376 1232 1442 arbitrabantur
1254 1396 1313 1441 ex·

275 1480 371 1566 periri
400 1480 585 1564 remedium,
621 1482 706 1564 quod
736 1489 866 1568 propter
895 1482 1069 1548 novitatem
1099 1488 1208 1566 posset
1242 1499 1313 1546 esse

277 1593 468 1670 suspectum.

734 1693 798 1746 Gar.
817 1692 863 1748 VI.

243 1815 256 1864 1
381 1795 455 1859 Erat
477 1793 560 1860 inter
588 1794 712 1860 nobiles
742 1794 890 1876 medicos,
923 1815 964 1860 ex
987 1792 1172 1860 Macedonia
1202 1813 1311 1876 regem
1323 1791 1363 1864 14

277 1903 413 1978 secutus,
452 1897 626 1983 Philippus,
665 1897 791 1964 natione
829 1898 985 1979 Acarnan,
1024 1897 1107 1963 fidus
1145 1896 1314 1962 admodum
1387 1947 1392 1956 .

276 2000 362 2084 regi:
386 2021 484 2085 puero
508 2019 613 2067 comes
633 2008 664 2067 et
679 2008 785 2067 custos
808 2001 917 2067 salutis
940 2002 1044 2083 datus
1067 2020 1131 2067 non
1154 2007 1189 2066 ut
1204 2021 1314 2085 regern

277 2103 381 2184 modo,
412 2105 469 2170 sed
493 2106 587 2172 etiarn
609 2114 645 2172 ut
666 2107 827 2172 alumnum
857 2103 971 2172 eximia
995 2106 1134 2172 caritate
1149 2104 1312 2188 diligebat.

244 2209 311 2281 21s
344 2229 407 2275 non
440 2230 594 2294 praeceps
629 2231 671 2295 se,
706 2211 762 2276 sed
796 2218 958 2276 strenuum
991 2211 1167 2294 remedium
1202 2209 1314 2275 afferre

278 2320 461 2397 tantamque
484 2315 548 2380 vim
569 2315 669 2380 morbi
698 2315 826 2401 potione
856 2313 1013 2381 medicata
1044 2316 1220 2381 levaturum
1244 2334 1315 2380 esse

279 2418 430 2504 promisit.
468 2419 555 2484 Nulli
578 2420 768 2504 promissum
791 2419 859 2485 eius
882 2420 1028 2502 placebat
1051 2426 1178 2504 praeter
1200 2419 1313 2504 ipsum,

245 2543 260 2592 3
280 2522 367 2588 cuius
390 2523 531 2608 periculo
554 2523 772 2608 pollicebatur.
807 2523 918 2590 Omnia
942 2524 1058 2609 quippe
1081 2523 1206 2588 facilius
1222 2542 1316 2605 quarn

280 2646 400 2691 moram
422 2626 545 2712 perpeti
567 2633 707 2712 poterat:
741 2649 828 2692 arma
859 2633 891 2693 et
919 2627 1005 2692 acies
1035 2627 1069 2692 in
1092 2626 1191 2692 oculis
1216 2633 1315 2705 erant,

281 2737 311 2797 et
334 2731 497 2796 victoriam
520 2731 552 2796 in
575 2752 613 2798 eo
636 2733 772 2818 positam
803 2751 873 2797 esse
895 2731 1114 2814 arbitrabatur,
1146 2730 1316 2796 sitantum

280 2841 354 2900 ante
385 2835 477 2920 signa
507 2841 590 2900 stare
619 2836 782 2921 potuisset,
805 2834 839 2900 id
869 2836 984 2920 ipsum,
1016 2835 1101 2918 quod
1130 2841 1202 2920 post
1233 2833 1316 2899 diem

281 2938 408 3003 tertium
441 2939 706 3005 medicamentum
739 2945 919 3024 sumpturus
957 2946 1042 3004 esset
1078 2975 1117 2985 -
1152 2939 1196 3002 ita
1234 2937 1317 3004 enim

246 3043 424 3112 4medious
457 3043 657 3127 praedixerat
693 3081 733 3090 -
766 3065 863 3127 aegre
897 3044 1011 3109 ferens.
1057 3044 1144 3108 Inter
1181 3042 1262 3107 haec
1298 3063 1317 3106 a

282 3147 496 3227 Parmenione,
542 3145 695 3212 fidissimo
732 3153 986 3234 purpuratorum,
1032 3147 1153 3212 litteras
1190 3145 1317 3230 accipit,

282 3251 396 3332 quibus
420 3250 448 3317 ci
472 3251 684 3332 denuntiabat,
716 3271 756 3316 ne
787 3251 921 3317 salutem
952 3271 1041 3316 suam
1063 3250 1213 3335 Philippo
1237 3270 1318 3315 conr-

283 3355 437 3421 mitterct:
469 3354 554 3421 mille
576 3356 704 3422 talentis
733 3358 880 3422 aDareo
911 3363 943 3422 et
974 3376 1030 3440 spe
1061 3356 1244 3440 nuptiarum
1270 3374 1318 3420 so-

247 3459 358 3527 aroris
389 3459 457 3524 eius
488 3479 558 3525 esse
589 3467 778 3545 corruptum.
832 3461 1000 3543 Ingentem
1033 3459 1139 3524 animo
1170 3457 1318 3524 sollicitu-

283 3564 389 3630 dinem
424 3564 548 3630 litterae
581 3563 787 3646 incusserant,
824 3572 863 3646 et,
899 3563 1050 3649 quioquid
1083 3563 1116 3627 in
1150 3569 1318 3645 utramque

283 3676 404 3754 partem
434 3675 487 3734 aut
517 3675 620 3734 metus
653 3675 708 3733 aut
742 3689 815 3754 spes
850 3669 1036 3750 subiecerat,
1073 3673 1194 3734 secreta
1227 3666 1319 3731 aesti-

250 3773 421 3840 smatione
444 3774 607 3858 pensabat.
649 3773 777 3838 ‘Bibere
799 3792 1007 3859 perseverem,
1040 3779 1083 3853 ut,
1115 3771 1141 3837 si
1164 3791 1319 3836 venenum

286 3878 394 3943 datum
424 3877 527 3958 fuerit,
558 3898 598 3942 ne
627 3877 781 3942 immerito
812 3876 948 3959 quidem,
980 3875 1131 3959 quicquid
1159 3875 1319 3957 acciderit,
