3040 4318
288 206 349 270 118
675 211 706 277 Q.
725 205 833 264 OURT'I
852 207 938 262 RUFI

285 413 492 478 tabernaculo
516 414 654 479 solitudo
677 424 754 496 erat,
789 416 899 500 paucis
924 414 1129 500 spadonibus,
1154 416 1236 499 quia,
1262 436 1324 499 quo

236 528 269 579 10
287 518 498 600 discederent,
522 539 587 584 non
609 520 782 602 habebant,
814 519 1092 586 circumstantibus
1115 539 1235 603 regem.
1282 520 1325 585 At

285 622 340 687 ille
371 623 501 689 remotis
535 624 663 689 arbitris
697 625 752 690 diu
785 625 874 690 aliud
906 633 1001 708 atque
1036 625 1124 691 aliud
1157 625 1324 690 consilium

285 726 391 792 animo
427 728 601 794 volutabat.
661 730 793 812 Iamque
830 731 1041 811 solitudinem,
1089 751 1185 813 quam
1228 730 1324 815 paulo

285 838 381 896 antea
414 853 471 916 pro
506 832 627 897 solacio
660 833 826 918 petiverat,
862 855 994 920 perosus
1029 835 1182 900 Bubacen
1215 833 1324 899 vocari

236 953 265 1002 11
286 937 382 1001 iubet.
430 937 532 1014 Quem
555 937 691 1020 intuens,
711 939 797 1020 ‘lte’,
821 938 931 1021 inquit,
959 938 1127 1004 ‘consulite
1150 938 1251 1018 vobis,
1281 937 1325 1002 ad

285 1041 428 1105 ultimum
452 1042 522 1124 regi
545 1049 659 1124 vestro,
683 1050 718 1108 ut
741 1043 884 1125 decebat,
909 1043 972 1109 fide
987 1042 1141 1109 exhibita.
1177 1043 1248 1126 Ego
1270 1042 1324 1107 hic

285 1145 391 1227 legem
414 1145 473 1210 fati
496 1147 560 1211 mei
583 1155 728 1232 expecto.
776 1149 922 1214 Forsitan
951 1147 1084 1230 mireris,
1116 1148 1201 1230 quod
1226 1147 1324 1212 vitam

234 1265 266 1314 12
285 1269 348 1312 non
371 1249 497 1314 finiam:
521 1251 625 1316 alieno
649 1253 769 1318 scelere
793 1274 888 1337 quam
911 1273 983 1318 meo
1005 1252 1084 1317 mori
1106 1252 1209 1321 malo?
1248 1251 1324 1315 Post

284 1354 368 1418 hano
390 1373 501 1420 vocem
524 1356 625 1440 spado
648 1357 770 1440 gemitu
792 1378 855 1423 non
877 1357 1116 1423 tabernaculum
1141 1356 1242 1436 modo,
1266 1355 1325 1421 sed

285 1458 380 1523 etiam
404 1466 509 1524 castra
532 1460 713 1544 complevit.
759 1461 906 1546 Inrupere
936 1461 1052 1526 deinde
1074 1460 1131 1525 alii
1163 1460 1324 1524 laceratis-

285 1582 346 1644 que
369 1564 511 1629 vestibus
535 1564 666 1646 lugubri
689 1572 721 1629 et
743 1565 879 1630 barbaro
895 1565 1016 1630 ululatu
1031 1585 1142 1647 regem
1157 1563 1323 1648 deplorare

235 1681 266 1731 13
286 1661 467 1750 coeperunt.
519 1669 647 1749 Persae,
682 1668 724 1732 ad
757 1668 829 1734 illos
863 1669 1000 1734 clamore
1031 1667 1164 1752 perlato,
1198 1665 1323 1732 attoniti

285 1777 371 1834 metu
394 1791 453 1835 noc
478 1792 568 1835 arma
584 1791 709 1856 rapere,
733 1793 773 1837 ne
796 1772 829 1836 in
845 1772 1033 1838 Bactrianos
1056 1772 1239 1852 inciderent,
1264 1790 1323 1835 nec

284 1874 447 1956 quiescere
470 1876 640 1957 audebant,
664 1897 705 1941 ne
727 1877 825 1961 impie
840 1877 989 1942 deserere
1003 1896 1114 1959 regem
1128 1875 1321 1941 viderentur.

233 1993 266 2044 14
283 1979 400 2044 Varius
422 2001 461 2046 ae
485 1979 633 2045 dissonus
664 1981 783 2046 clamor
813 1981 882 2046 sine
911 1980 993 2048 duce
1023 2002 1061 2046 ac
1091 1981 1160 2046 sine
1189 1979 1322 2065 imperio

283 2083 357 2148 totis
387 2084 499 2150 castris
528 2084 733 2151 referebatur.
787 2086 888 2152 Besso
922 2093 953 2152 et
983 2085 1164 2152 Nabarzani
1196 2085 1317 2150 nuntia·
1328 2081 1374 2153 31

284 2194 397 2252 verant
409 2189 467 2269 sni,
481 2208 591 2270 regern
607 2209 627 2253 a
643 2189 814 2274 semetipso
829 2190 1050 2275 interemptum
1063 2195 1153 2255 esse:
1176 2189 1323 2274 planctus

234 2305 266 2357 15
286 2312 340 2357 eos
357 2291 535 2377 deceperat.
572 2293 684 2376 ltaque
700 2294 805 2358 citatis
821 2295 911 2377 equis
927 2294 1089 2376 advolant,
1105 2293 1319 2378 sequentibus,

284 2415 363 2478 quos
385 2397 427 2462 ad
449 2397 657 2462 ministerium
673 2397 802 2463 sceleris
818 2398 1020 2481 delegerant:
1044 2406 1075 2464 et
1091 2419 1163 2464 cum
1177 2399 1321 2463 taberna·

284 2501 390 2565 culum
406 2501 585 2583 intrassent,
611 2502 686 2584 quia
700 2523 811 2585 regem
826 2503 935 2569 vivere
954 2503 1120 2588 spadones.
1128 2502 1318 2583 indicabant,

233 2618 265 2669 16
284 2606 512 2692 comprehendi
526 2606 703 2690 vincirique
718 2607 885 2673 iusserunt.
922 2608 999 2689 Rex,
1028 2629 1120 2673 curru
1135 2608 1231 2692 paulo
1246 2613 1320 2673 ante

282 2717 393 2775 vectus
418 2718 448 2775 et
471 2709 602 2775 deorum
625 2733 645 2775 a
668 2711 733 2776 suis
756 2711 932 2777 honoribus
950 2713 1061 2793 cultus,
1085 2712 1173 2776 nulla
1189 2717 1321 2776 externa

283 2836 343 2900 ope
359 2815 488 2880 admota
507 2816 651 2900 captivus
667 2835 830 2881 servorum
847 2836 975 2882 suorum
997 2816 1030 2880 in
1054 2815 1216 2882 sordidum
1230 2814 1319 2881 vehi·

234 2921 389 2984 17111111
412 2919 592 3004 imponitur.
633 2920 775 2985 Pecunia
796 2921 882 3003 regis
906 2927 937 2986 et
960 2920 1105 3005 supellex
1128 2920 1221 3003 quasi
1243 2918 1318 2986 belli

282 3023 349 3089 iure
364 3023 518 3109 diripitur,
544 3023 710 3108 onustique
726 3024 846 3110 praeda
868 3045 925 3110 per
941 3026 1045 3090 scelus
1061 3025 1205 3090 ultimum
1227 3031 1319 3110 parta

232 3139 264 3190 18
282 3127 393 3210 fugam
430 3128 607 3194 intendunt.
667 3127 845 3194 Artabanus
883 3150 955 3194 cum
992 3129 1053 3210 his,
1093 3129 1152 3211 qui
1183 3128 1317 3213 imperio

281 3232 443 3315 parebant,
468 3231 662 3314 Graecisque
677 3231 830 3298 militibus
846 3232 1039 3298 Parthienen
1055 3233 1193 3318 petebat,
1211 3231 1318 3296 omnia

231 3347 263 3397 19
280 3335 397 3401 tutiora
425 3335 655 3420 parricidarum
685 3335 835 3401 convictu
863 3343 960 3402 ratus.
1006 3336 1124 3402 Persae
1152 3335 1317 3421 promissis

264 3438 374 3504 ¹Bessi
397 3440 526 3521 onerati,
557 3440 694 3506 manime
718 3441 792 3523 quia
819 3460 911 3506 nemo
942 3441 1022 3506 alius
1047 3448 1123 3522 erat,
1155 3461 1249 3523 quem
1271 3461 1317 3506 se·

281 3551 458 3625 querentur,
483 3544 675 3609 coniunxere
699 3564 733 3609 se
750 3544 943 3626 Bactrianis,
961 3565 1077 3628 agmen
1101 3565 1208 3610 eorum
1223 3544 1317 3610 tertio

229 3659 263 3710 20
280 3647 418 3712 assecuti
456 3647 518 3713 die.
563 3648 613 3713 Ne
649 3655 756 3713 tamen
793 3649 896 3714 honos
933 3650 1003 3732 regi
1036 3670 1099 3715 non
1134 3647 1315 3730 haberetur,

280 3752 385 3817 aureis
431 3752 638 3837 compedibus
675 3753 817 3818 Dareum
860 3753 1011 3834 vinciunt,
1057 3773 1141 3820 nova
1177 3752 1317 3818 ludibria

281 3857 415 3922 subinde
445 3855 648 3939 excogitanto
679 3855 827 3938 fortuna,
848 3863 880 3922 et
914 3878 953 3922 ne
988 3856 1070 3923 forte
1104 3855 1191 3923 cultu
1219 3855 1315 3940 ,regio
