2976 4322
295 208 356 272 160
589 216 596 227 ·
674 207 938 274 accensuri

290 415 411 498 pinqua
433 412 626 496 cognatione
650 413 888 495 contingebant,
912 419 1080 497 postquam
1095 412 1245 478 Philotan
1267 420 1330 476 tor-

290 517 378 600 queri
408 517 494 582 sama
523 517 722 600 vulgaverat,
754 518 858 600 legem
889 515 1100 582 Macedonum
1130 516 1235 595 veriti,
1265 537 1330 598 qua

288 628 416 686 cautum
453 628 530 701 erat,
563 628 597 685 ut
626 621 799 705 propinqui
837 641 955 700 eorum,
994 620 1049 702 qui
1079 621 1148 703 regi
1185 619 1327 685 insidiati

288 731 405 805 essent,
429 745 500 790 cum
522 725 602 809 ipsis
625 731 824 805 necarentur,
847 724 904 788 alii
926 744 962 789 se
989 723 1192 806 interficiunt,
1216 725 1271 788 alii
1294 725 1327 787 iu

287 827 399 894 devios
422 836 545 892 montes
568 835 741 909 vastasque
765 826 956 893 solitudines
979 827 1108 912 fugiunt
1130 828 1251 912 ingenti
1270 847 1328 913 per

285 939 352 997 tota
380 940 486 997 castra
516 938 636 1012 terrore
668 931 792 1012 diffuso,
824 932 927 997 donec
960 952 1017 996 rex
1039 933 1175 998 tumultu
1198 933 1327 1016 cognito

285 1037 392 1119 legem
423 1056 457 1101 se
488 1036 707 1122 de'supplicio
734 1036 973 1102 coniunctorum
996 1038 1142 1102 sontibus
1165 1038 1326 1103 remittere

233 1151 264 1200 21
285 1140 396 1205 edixit.
440 1139 583 1205 Philotas
605 1160 723 1206 verone
746 1162 787 1205 an
810 1141 977 1206 mendacio
993 1141 1127 1207 liberare
1151 1161 1186 1208 se
1209 1164 1230 1207 a
1258 1138 1379 1207 111-43

285 1245 370 1308 niatu
392 1244 537 1322 voluerit,
561 1265 679 1329 anceps
710 1244 891 1309 coniectura
922 1251 980 1324 est,
1012 1246 1162 1327 quoniam
1193 1253 1225 1311 et
1248 1267 1325 1312 vera

285 1347 439 1412 confossis
470 1355 501 1412 et
531 1347 615 1413 falsa
645 1347 823 1414 dicentibus
853 1348 938 1414 idem
968 1348 1088 1414 doloris
1119 1349 1190 1415 finis
1221 1358 1323 1418 osten-

231 1463 265 1512 22
284 1451 383 1517 ditur:
415 1459 563 1532 ceterum,
593 1453 711 1518 ‘Pater’
735 1453 844 1534 inquit,
872 1455 974 1518 ‘meus
1007 1454 1195 1537 Hegelocho
1228 1476 1322 1538 quam

283 1554 483 1620 familiariter
512 1575 589 1620 usus
619 1556 670 1635 sit,
700 1577 763 1621 non
793 1556 962 1640 ignoratis:
994 1557 1083 1622 illum
1113 1559 1186 1624 dico
1218 1561 1322 1644 Hege-

283 1658 419 1739 lochum,
451 1661 503 1742 qui
534 1661 566 1724 in
596 1661 665 1725 acie
696 1660 827 1726 cecidit:
864 1661 1005 1726 omnium
1039 1663 1195 1728 malorum
1229 1665 1321 1731 nobis

230 1775 263 1825 23
282 1762 344 1828 fuit
373 1783 481 1833 causa.
514 1765 692 1829 Nemeum
722 1765 857 1849 primum
890 1765 975 1830 Iovis
1008 1765 1109 1830 filium
1133 1786 1167 1832 se
1190 1768 1320 1833 salutari

281 1867 372 1932 iussit
401 1889 468 1949 rex,
498 1868 531 1932 id
561 1867 692 1951 indigne
715 1869 822 1933 ferens
849 1869 914 1948 ille,
942 1869 1053 1934 “hunc
1083 1870 1180 1954 igitur
1211 1892 1322 1960 regern

281 1972 517 2054 agnoscimus’',
534 1972 646 2054 inquit,
665 1973 746 2056 “qui
763 1971 946 2057 Philippum
963 1973 1156 2058 dedignatur
1171 1978 1320 2061 patrem?

280 2082 385 2140 actum
416 2083 464 2142 est
497 2077 537 2141 de
571 2077 671 2156 nobie,
708 2076 736 2142 si
769 2077 832 2141 ista
865 2079 989 2162 perpeti
1020 2099 1199 2163 possumus.
1246 2081 1315 2148 Non

280 2179 422 2245 homines
457 2182 567 2263 solum,
604 2180 662 2245 sed
695 2179 792 2244 etiam
826 2181 903 2247 deos
926 2181 1072 2268 despicit,
1098 2184 1153 2266 qui
1175 2185 1317 2268 postulat

226 2296 260 2346 24
279 2282 357 2348 deus
392 2284 488 2354 credi,
535 2284 707 2348 Amisimus
741 2284 966 2368 Alexandrum,
1002 2287 1165 2354 amisimus
1188 2309 1315 2372 regem:

277 2386 446 2453 incidimus
480 2389 512 2452 in
546 2387 735 2472 superbiam,
771 2409 831 2453 neo
855 2387 915 2471 dis,
950 2391 1064 2472 quibus
1088 2411 1123 2457 se
1147 2401 1314 2476 exaequat,

226 2501 336 2556 251111
359 2492 549 2571 hominibus,
575 2493 688 2575 quibus
712 2513 746 2558 se
763 2493 884 2574 eximit,
900 2494 1112 2566 tolerabilem,
1158 2497 1316 2564 Nostrone

278 2596 433 2679 sangnine
457 2597 553 2662 deum
575 2597 718 2678 fecimus,
736 2597 789 2680 qui
817 2618 876 2663 nos
902 2598 1071 2665 fastidiat?
1096 2601 1150 2682 qui
1165 2609 1318 2684 gravetur

277 2700 457 2765 mortalium
487 2701 576 2766 adire
611 2701 807 2766 concilium?
853 2700 983 2768 Credite
1008 2703 1102 2770 mihi:
1138 2713 1170 2770 et
1193 2725 1261 2788 nos,
1287 2707 1316 2772 si

225 2803 337 2868 261111
371 2825 490 2886 sumus,
527 2826 546 2869 a
581 2804 629 2870 dis
664 2805 895 2890 adoptabimur.
943 2805 1022 2884 Quis
1045 2829 1199 2893 proavum
1222 2810 1315 2878 huius

277 2907 480 2992 Archelaum,
515 2909 585 2992 quis
619 2908 735 2974 deinde
771 2909 998 2994 Alexandrum,
1034 2913 1105 2996 quis
1136 2913 1313 2981 Perdiccan

275 3011 397 3078 occisos
432 3013 516 3078 ultus
550 3014 623 3078 est?
666 3012 718 3079 hic
752 3014 881 3097 quidem
914 3015 1172 3096 interfectoribus
1214 3020 1315 3104 patris

222 3128 256 3178 27
274 3113 427 3198 ignovit'.
452 3117 542 3182 Haec
558 3117 765 3200 Hegelochus
778 3118 863 3184 dixit
879 3140 975 3205 super
990 3141 1118 3186 cenam:
1141 3129 1172 3188 et
1187 3131 1313 3208 postero

274 3219 326 3283 die
348 3221 451 3304 prima
484 3222 556 3286 luce
589 3229 731 3306 epatre
764 3243 920 3294 accersor.
966 3227 1079 3291 Tristis
1115 3235 1184 3293 erat
1208 3234 1240 3294 et
1262 3249 1313 3294 me

274 3331 429 3388 maestum
451 3323 589 3391 videbat.
625 3325 836 3408 Audieramus
859 3328 952 3410 enim,
970 3351 1051 3412 quae
1067 3330 1312 3398 sollicitudinem

221 3439 255 3490 28
273 3426 460 3492 incuterent.
492 3430 604 3512 Itaque
620 3437 654 3494 ut
670 3432 895 3516 experiremur,
910 3441 1055 3514 utrumne
1071 3435 1145 3501 vino
1162 3444 1311 3519 gravatus

274 3530 443 3597 effudisset
465 3533 521 3598 illa
543 3556 585 3600 an
607 3535 719 3600 altiore
744 3545 900 3621 concepta
923 3540 1065 3621 consilio,
1093 3542 1216 3607 accersi
1239 3563 1312 3608 eum

274 3636 401 3719 placuit.
437 3638 531 3703 Venit
554 3640 730 3724 eodemque
753 3661 896 3707 sermone
920 3643 1003 3708 ultro
1026 3646 1160 3729 repetito
1183 3646 1310 3729 adiecit,

274 3759 318 3820 se,
344 3739 412 3805 sive
435 3741 624 3809 auderemus
648 3745 746 3810 duces
770 3765 849 3826 esse,
867 3747 1065 3831 proximasa
1087 3747 1179 3815 nobis
1201 3758 1310 3835 partes

275 3841 517 3927 vindicaturum,
553 3847 620 3913 sive
654 3847 779 3914 deesset
813 3851 948 3933 animus,
984 3853 1151 3920 consilium
1184 3855 1310 3922 silentio
