2970 4322
506 810 555 913 Q.
589 811 763 896 OURTl
794 811 930 895 RUFI

589 993 842 1049 HISTORIARUM

315 1149 811 1296 nunxuuoer
849 1148 1112 1251 uncus

561 1347 869 1414 uuonoours
971 1433 976 1438 ,

631 1506 742 1560 LIBER
760 1506 793 1559 X.

660 1646 725 1700 Gar.
743 1646 764 1699 Ι.

161 1765 177 1836 1
296 1766 403 1832 Isdem
437 1767 513 1832 fere
536 1764 648 1832 diebus
678 1764 834 1831 Cleander
868 1771 900 1829 et
929 1762 1066 1828 Sitalces
1096 1769 1128 1828 et
1157 1773 1264 1826 cuml

191 1871 362 1955 Agathone
377 1871 526 1938 Heracon
545 1871 784 1957 superveniunt,
809 1869 862 1952 qui
878 1868 1120 1934 Parmenionem
1142 1868 1230 1932 iussu

191 1975 276 2059 regis
300 1975 491 2042 occiderant.
530 1987 555 2041 V
578 1977 667 2043 milia
688 1975 832 2061 peditum
855 1994 927 2040 oum
951 1973 1111 2056 equitibus
1133 1972 1228 2050 mille,

191 2079 250 2144 sed
272 2087 304 2146 et
326 2087 527 2147 accusatores
550 2075 646 2146 eos‘e
669 2079 843 2166 provincia,
866 2079 917 2144 oui
940 2077 1153 2163 praefuerant,
1184 2085 1265 2142 sea

191 2185 383 2267 quebantur:
417 2206 477 2252 nec
499 2191 546 2250 tot
576 2185 727 2266 facinora,
752 2189 829 2267 quot
857 2182 1060 2262 admiserant,
1085 2201 1230 2266 compen-

190 2307 262 2353 sare
291 2295 424 2372 poterat
447 2281 556 2354 caedis
585 2309 738 2375 perquam
768 2294 879 2372 gratae
908 2287 977 2371 regi
1008 2283 1227 2352 ministerium.

191 2391 318 2477 Quippe
348 2413 421 2456 cum
444 2378 551 2458 omnia
579 2393 716 2479 profana
739 2392 941 2478 spoliassent,
972 2413 1012 2456 ne
1035 2390 1135 2456 sacris
1166 2389 1265 2473 qui-3

154 2552 159 2562 .
189 2495 265 2560 dem
294 2482 526 2580 abstinuerant,
560 2497 763 2582 virginesque
794 2502 825 2562 et
847 2495 1009 2581 principes
1039 2495 1230 2559 feminarum

189 2606 301 2685 stupra
323 2620 496 2686 perpessae
519 2621 686 2686 corporum
709 2599 846 2666 ludibria
869 2598 1039 2666 deflebant.
1085 2599 1265 2664 Invisum4

189 2689 399 2770 Macedonum
429 2725 546 2770 nomen
579 2705 713 2770 avaritia
742 2724 851 2768 eorum
881 2725 919 2769 ac
950 2702 1049 2767 libido
1082 2703 1228 2768 barbaris

188 2808 318 2873 fecerat
364 2809 453 2874 Inter
482 2793 594 2875 omnes
627 2814 732 2874 tamen
764 2807 925 2873 eminebat
955 2807 1101 2872 Cleandri
1131 2807 1263 2888 furcae

188 2912 243 2994 qui
276 2911 417 2979 nobilem
440 2913 596 2998 virginem
627 2919 866 2997 constupratam
890 2931 982 2977 servo
1006 2931 1064 2977 suo
1093 2912 1228 2996 pelicem

188 3014 331 3080 dederat.
378 3016 526 3101 Plerique
548 3017 722 3082 amicorum
745 3016 920 3082 Alexandri
953 3035 1017 3080 non
1039 3022 1105 3080 tam
1129 3015 1263 3087 crimis

186 3138 272 3200 num,
296 3138 379 3202 quae
395 3121 503 3205 palam
520 3119 748 3202 obiciebantur,
774 3120 972 3185 atrocitatem
996 3137 1091 3200 quam
1114 3141 1230 3186 memo-

186 3223 267 3288 riam
283 3225 379 3290 occisi
402 3245 460 3309 per
474 3225 546 3290 illos
562 3225 791 3306 Parmenionis,
816 3224 899 3307 quod
921 3223 1053 3288 tacitum
1076 3224 1229 3309 prodesse

186 3327 250 3393 reis
284 3327 369 3413 apud
401 3349 509 3413 regem
543 3334 677 3414 poterat,
715 3329 929 3409 intuebantur,
968 3329 1043 3394 laeti
1076 3330 1229 3396 recidisse

186 3431 268 3496 iram
297 3433 330 3496 in
365 3432 431 3498 irae
465 3433 638 3513 ministros,
673 3454 733 3499 nec
767 3433 864 3498 ullam
898 3433 1075 3517 potentiam
1109 3435 1230 3501 scelere

187 3537 365 3617 quaesitam
388 3538 538 3622 cuiquam
562 3557 634 3604 esse
658 3538 849 3603 diuturnam.
888 3537 957 3602 Rex
981 3538 1106 3621 cognita
1129 3554 1262 3605 causa'l

186 3640 402 3724 pronuntiavit
439 3642 480 3706 ab
517 3643 755 3708 accusatoribus
788 3661 886 3706 unum
913 3647 944 3706 et
980 3640 1015 3706 id
1052 3643 1224 3708 maximum

187 3744 305 3811 crimen
340 3764 411 3810 esse
444 3745 660 3830 praeteritum,
696 3745 952 3830 desperationem
986 3747 1097 3812 salutis
1132 3767 1224 3813 suae:

187 3866 359 3932 numquam
390 3847 475 3913 enim
504 3847 582 3914 talia
611 3869 753 3932 ausuros,
786 3849 840 3932 qui
862 3848 967 3934 ipsum
991 3869 1031 3916 ex
1054 3849 1148 3916 India
1178 3871 1225 3917 so·
