2970 4322
252 215 316 279 268
640 214 671 281 Q.
693 213 801 270 CURTI
820 215 907 271 RUFI

253 422 485 504 invitatumque
508 421 551 486 ad
569 421 680 506 epulas
703 441 761 506 per
776 421 900 488 Boxum
923 422 1081 505 quendam
1096 422 1303 506 Margianam

223 526 289 594 ein
313 525 458 591 convivio
481 524 609 590 occidit.
647 527 781 592 Postero
805 525 858 592 die
880 527 1025 592 contione
1048 525 1206 592 advocata
1224 528 1303 593 Bito

255 630 338 695 ultro
354 628 539 694 insidiatum
554 628 614 694 sibi
630 629 871 695 Athenodorum
894 629 1053 715 plerisque
1076 637 1299 715 persuaserat:

255 734 313 800 sed
328 732 399 798 aliis
415 739 564 817 suspecta
580 738 647 798 erat
663 733 749 798 fraus
765 733 896 815 Bitonis,
915 741 946 799 et
961 733 1117 819 paulatim
1132 733 1165 799 in
1187 734 1301 819 plures

222 836 362 922 ocoepit
397 855 527 900 manare
562 835 710 920 suspicio.
765 836 879 919 Itaque
912 836 1027 903 Graeci
1060 836 1176 903 milites
1211 859 1305 903 arma

257 941 396 1026 capiunt,
418 939 552 1004 occisuri
583 939 739 1020 Bitonem,
770 939 798 1004 si
828 940 956 1006 daretur
986 940 1127 1006 occasio:
1159 947 1305 1006 ceterum

223 1061 238 1110 7
257 1044 416 1129 principes
432 1063 541 1108 eorum
561 1043 639 1106 iram
663 1041 871 1108 multitudinis
895 1043 1131 1128 mitigaverunt.
1170 1046 1305 1112 Praeter

260 1169 350 1233 spem
372 1167 463 1212 suam
486 1146 580 1210 Biton
602 1146 764 1232 praesenti
786 1147 927 1232 periculo
951 1155 1079 1233 ereptus
1102 1149 1198 1233 paulo
1229 1157 1305 1234 post

259 1250 429 1316 insidiatur
451 1249 631 1314 auctoribus
654 1249 768 1314 salutis
791 1270 883 1316 suae:
908 1251 997 1316 cuius
1021 1250 1095 1316 dolo
1119 1252 1247 1336 cognito
1271 1259 1305 1319 et

225 1356 363 1440 sipsum
397 1353 707 1438 comprehenderunt
737 1361 768 1419 et
806 1354 940 1418 Boxum.
996 1354 1144 1421 Ceterum
1177 1357 1303 1422 Boxum

260 1458 403 1544 protinus
426 1457 546 1543 placuit
568 1457 711 1538 internici,
739 1457 885 1524 Bitonem
915 1459 1011 1523 etiam
1041 1479 1100 1544 per
1128 1461 1304 1526 cruciatum

260 1561 376 1628 necari.
429 1562 561 1643 lamque
595 1561 720 1646 corpori
751 1567 907 1628 tormenta
936 1561 1197 1646 admovebantur,
1232 1585 1304 1630 eum

262 1666 376 1732 Graeci
388 1703 431 1712 -
442 1665 604 1746 incertum,
622 1666 663 1731 ob
679 1686 774 1748 quam
790 1686 920 1731 causam
936 1703 977 1712 -
993 1666 1165 1752 lymphatis
1185 1668 1304 1734 similes

229 1769 305 1840 aad
328 1791 416 1835 arma
439 1769 626 1835 discurrunt.
668 1769 810 1846 Quorum
833 1770 959 1836 fremitu
983 1771 1143 1854 exaudito,
1168 1773 1222 1855 qui
1245 1779 1305 1837 tor-

262 1895 361 1958 quere
383 1873 530 1938 Bitonem
553 1873 631 1938 iussi
654 1881 752 1956 erant,
784 1874 927 1955 omisere,
952 1874 1054 1956 veriti,
1077 1897 1118 1941 ne
1140 1875 1175 1940 id
1196 1877 1303 1942 facere

213 1997 245 2047 10
264 1977 525 2043 tumultuantium
555 1977 783 2043 vociferatione
815 1977 1067 2062 prohiberentur.
1122 1979 1191 2061 Ille,
1225 1979 1307 2044 sieut

262 2080 401 2148 nudatus
425 2089 502 2162 erat,
525 2082 669 2166 pervenit
693 2081 743 2146 ad*
759 2082 907 2163 Graecos,
931 2090 963 2146 et
985 2081 1172 2148 miserabilis
1204 2083 1304 2149 facies

263 2185 420 2272 supplicio
443 2185 593 2250 destinati
616 2185 649 2250 in
672 2185 831 2252 diversum
854 2186 976 2251 animos
998 2193 1129 2272 repente
1159 2188 1303 2269 mutavit,

213 2309 243 2357 11
263 2290 442 2372 dimittique
457 2309 528 2355 eum
543 2286 711 2355 iusserunt.
751 2290 822 2356 Hoc
837 2290 932 2355 modo
955 2309 1059 2375 poena
1081 2290 1130 2356 bis
1152 2291 1306 2357 liberatus

265 2416 336 2460 oum
359 2394 482 2475 ceteris,
514 2395 567 2476 qui
591 2395 731 2460 colonias
754 2416 774 2458 a
796 2415 872 2478 rege
902 2394 1070 2460 attributas
1100 2391 1305 2478 reliquerunt,

265 2499 395 2565 revertit
424 2499 457 2562 in
487 2498 632 2582 patriam.
677 2499 767 2565 Haec
797 2498 881 2564 cirea
906 2499 1023 2564 Bactra
1053 2504 1085 2563 et
1115 2498 1308 2583 Scytharum

265 2603 417 2669 terminos
440 2609 542 2685 gesta.

218 2726 249 2776 12
373 2706 503 2772 Interim
532 2725 641 2790 regem
664 2706 797 2771 duarum
820 2705 972 2789 gentium,
1007 2703 1047 2771 de
1082 2706 1198 2788 quibus
1233 2707 1360 2778 ante28

267 2812 468 2892 dictumest,
494 2821 513 2874 c
538 2811 635 2893 legati
659 2811 785 2875 adeunt.
832 2809 948 2875 Omnes
976 2829 1069 2874 curru
1098 2810 1307 2893 vehebantur,

268 2915 383 2982 eximia
416 2913 635 2997 magnitudine
668 2934 844 2999 corporum,
883 2913 996 2979 decoro
1031 2913 1159 2979 habitu:
1201 2913 1307 2980 lineae

219 3038 250 3088 13
268 3027 373 3086 vestes
389 3020 511 3084 intexto
528 3038 605 3082 auro
628 3037 831 3103 purpuraque
855 3015 1032 3082 distinctae.
1072 3017 1112 3080 Ei
1135 3037 1169 3082 se
1193 3016 1312 3083 dedere

268 3126 364 3210 ipsos,
388 3123 482 3189 urbes
505 3142 663 3206 agrosque
685 3121 872 3202 referebant,
897 3141 952 3204 per
982 3127 1029 3185 tot
1059 3125 1181 3186 aetates
1211 3120 1311 3187 invio·

268 3230 367 3294 latam
389 3229 567 3293 libertatem
589 3227 675 3292 illius
701 3226 838 3311 primum
868 3224 943 3290 fidei
974 3222 1155 3307 dicionique
1184 3225 1314 3310 permis·

270 3354 376 3400 suros:
401 3333 477 3398 deos
500 3331 561 3397 sibi
583 3329 753 3396 deditionis
777 3334 932 3410 austerae,
955 3348 1019 3392 non
1041 3335 1170 3410 metum,
1195 3329 1315 3414 quippe

219 3455 252 3506 14
269 3439 396 3504 intactis
426 3438 546 3502 viribus
579 3436 688 3518 iugum
722 3431 878 3520 excipere.
931 3431 1001 3496 Rex
1036 3431 1169 3497 consilio
1203 3431 1315 3498 habito

272 3543 395 3608 deditos
430 3542 463 3606 in
500 3540 595 3606 fidem
632 3539 765 3624 accepit,
794 3537 965 3622 stipendio,
1004 3535 1090 3618 quod
1128 3535 1315 3602 Arachosiis
1382 3585 1388 3596 .
1472 3551 1473 3564 ¹

272 3655 406 3730 utraque
435 3647 524 3711 natio
555 3645 745 3729 pensitabat,
776 3643 933 3728 imposito.
977 3642 1149 3706 Praeterea
1175 3651 1202 3704 11
1226 3641 1316 3706 milia

274 3759 306 3816 et
319 3763 342 3814 D
359 3751 482 3833 equites
494 3750 642 3834 imperat:
657 3754 689 3815 et
702 3747 807 3813 omnia
820 3745 1024 3812 oboedienter
1035 3744 1210 3810 abarbaris
1219 3743 1314 3811 facta

223 3869 255 3920 16
378 3853 524 3918 Invitatis
555 3851 670 3918 deinde
700 3853 743 3916 ad
773 3851 883 3936 epulas
913 3849 1027 3932 legatis
1057 3848 1201 3932 gentium
1223 3868 1316 3932 regu·
