3040 4318
301 291 343 354 66
691 289 720 356 Q.
741 289 849 344 CURTI
867 289 954 344 RUFI

303 494 361 561 sed
384 495 480 579 finge,
497 495 615 560 iustum
641 495 785 561 intulisse
808 503 840 561 te
863 495 990 576 bellum,
1023 516 1094 560 cum
1113 493 1238 560 feminis
1262 513 1338 575 ergo

251 611 284 660 30
301 620 398 682 agere
422 599 616 665 debueras?’
663 600 811 684 Tyriotes
842 599 999 664 affirmare
1022 620 1079 684 per
1110 599 1186 664 deos
1210 595 1338 682 patrios,

301 703 437 784 nihilin
460 725 531 769 eam
554 702 685 786 gravius
709 722 779 768 6666
804 703 997 768 consultum:
1026 701 1221 785 ingemuisse
1245 699 1339 765 etiam

301 800 519 872 Alexandrum
548 807 641 871 morti
672 813 703 872 et
732 826 796 871 non
825 807 952 891 parcius
982 804 1111 871 flevisse
1145 825 1240 887 quam
1270 802 1339 887 ipse

249 921 281 972 31
301 911 489 976 lacrimaret.
536 911 584 976 Ob
616 910 695 976 haec
729 911 800 996 ipsa
835 911 971 975 amantis
1005 909 1128 974 animus
1163 909 1196 972 in
1226 907 1339 973 sollici-

300 1015 443 1080 tudinem
467 1015 742 1099 suspicionemque
767 1015 933 1079 revolutus
963 1021 1019 1095 661,
1052 1012 1246 1078 desiderium
1269 1032 1339 1095 cap·

301 1115 385 1184 11166
419 1117 561 1203 profecto
592 1141 611 1183 a
642 1119 870 1184 consuetudine
905 1117 1006 1202 stupri
1036 1124 1138 1182 ortum
1169 1136 1239 1181 esse
1270 1135 1340 1179 con-

250 1233 283 1282 32
302 1224 431 1289 1661616.
469 1222 641 1288 Summotis
664 1223 761 1306 igitur
783 1222 911 1289 arbitris
934 1242 997 1285 uno
1022 1221 1184 1285 dumtaxat
1209 1219 1339 1303 Tyriote

301 1335 431 1408 retento,
456 1327 520 1391 iarn
542 1348 604 1392 non
629 1326 718 1408 flens,
743 1327 801 1393 sed
824 1327 998 1412 suspirans,
1019 1323 1200 1406 ‘Videsne’,
1228 1323 1338 1406 inquit,

298 1433 449 1516 ‘lyriote
473 1433 577 1497 locum
600 1431 766 1497 mendacio
790 1451 854 1496 161
877 1431 974 1496 esse?
1019 1436 1178 1494 tormenta
1200 1429 1265 1493 iam
1288 1427 1340 1490 hio

303 1543 409 1602 erunt:
441 1537 560 1602 sedne
592 1537 812 1621 expectaveris
843 1558 900 1621 per
931 1536 1017 1616 deos,
1050 1534 1077 1600 si
1108 1534 1185 1617 quid
1214 1533 1340 1597 libitui

301 1641 388 1725 regis
419 1638 615 1707 reverentiae
646 1648 711 1706 est:
746 1663 831 1721 num,
868 1640 954 1723 quod
985 1646 1016 1705 61
1047 1639 1128 1704 66116
1160 1645 1275 1722 expeto
1309 1644 1341 1702 61

251 1753 284 1802 33
303 1759 455 1827 quaerere
474 1743 582 1828 pudet,
607 1764 704 1810 ausus
728 1751 784 1825 est,
811 1751 841 1809 et
865 1743 1011 1808 dominus
1036 1749 1068 1807 et
1091 1740 1257 1806 iuvenisP’
1281 1739 1340 1804 Ille

303 1847 480 1930 quaestioni
513 1869 628 1933 corpus
666 1848 789 1929 offerre,
822 1849 899 1913 deos
933 1855 1032 1912 testes
1063 1847 1220 1925 invocare,
1253 1852 1340 1910 caste

251 1961 285 2010 34
303 1959 474 2035 sancteque
497 1953 639 2018 habitam
663 1973 733 2019 6666
756 1953 909 2036 reginam.
944 1951 1088 2017 Tandem
1111 1958 1145 2014 ut
1161 1949 1240 2015 fides
1256 1950 1342 2014 facta

303 2063 360 2136 est,
383 2057 461 2122 vera
483 2077 562 2138 6666,
588 2078 670 2139 quae
693 2056 865 2122 affirmaret
888 2056 998 2140 spado,
1032 2055 1136 2139 capite
1160 2053 1264 2119 velato
1288 2053 1341 2117 diu

302 2159 390 2226 116111
405 2161 670 2244 manantibusque
685 2161 792 2224 adhuc
808 2160 956 2240 lacrimis,
980 2167 1070 2224 16616
1086 2159 1126 2222 ab
1144 2179 1197 2222 ore
1213 2157 1339 2238 reiecta,

302 2264 344 2328 ad
368 2265 489 2329 caelum
513 2283 624 2328 manus
647 2263 790 2344 tendens,
819 2264 874 2328 ‘Di
901 2263 1022 2347 patrii',
1054 2261 1164 2344 inquit,
1193 2261 1341 2344 ‘primum

302 2368 380 2432 milri
404 2369 542 2434 stabilite
566 2390 717 2452 regnum:
741 2366 867 2449 deinde,
893 2368 920 2432 si
944 2367 983 2432 de
1003 2389 1053 2432 me
1070 2367 1134 2430 iam
1148 2373 1342 2430 transactum

303 2481 359 2554 661,
384 2494 504 2557 precor,
529 2473 662 2555 nequis
685 2473 790 2557 potius
815 2472 911 2537 Asiae
934 2493 990 2537 rex
1013 2468 1054 2537 sit
1077 2492 1171 2553 quam
1194 2470 1255 2534 1616
1277 2477 1341 2534 tam

303 2577 403 2642 iustus
426 2578 536 2658 hostis,
560 2584 627 2642 tam
649 2576 829 2641 misericors
853 2577 970 2641 victor?

761 2769 826 2822 (111.
845 2769 891 2821 XI.

270 2906 282 2953 1
406 2891 517 2973 Itaque
542 2910 740 2973 quamquam,
764 2889 878 2954 frustra
902 2910 981 2974 paee
1011 2888 1060 2954 bis
1091 2887 1200 2972 petita,
1232 2885 1337 2950 omnia
1350 2886 1395 2957 43

304 2989 336 3059 11
358 2995 477 3060 bellum
501 2994 634 3059 consilia
657 3001 864 3074 converterat,
892 2994 995 3058 victus
1018 3000 1124 3057 tamen
1148 2991 1343 3056 continentia

303 3100 404 3165 hostis
433 3099 475 3165 ad
503 3119 604 3164 novas
634 3098 723 3184 pacis
755 3098 959 3163 condiciones
991 3095 1139 3162 ferendas
1158 3106 1183 3158 X
1206 3095 1341 3178 legatos,

304 3211 511 3288 cognatorum
544 3203 715 3288 principes,
750 3202 852 3268 misit:
885 3223 963 3285 quos
995 3200 1180 3266 Alexander
1210 3198 1342 3264 consilio

270 3301 460 3374 2611166616
498 3307 656 3372 introduci
694 3307 795 3371 iussit.
843 3307 870 3369 E
909 3306 1024 3389 quibus
1062 3304 1219 3369 maximus
1257 3313 1341 3384 1611,

299 3413 478 3493 ‘Dareum’,
503 3411 613 3494 inquit,
635 3414 682 3476 ‘ut
705 3432 818 3494 pacem
842 3432 861 3474 a
883 3418 915 3475 te
938 3409 1002 3472 iam
1025 3408 1086 3473 hoc
1101 3407 1195 3472 tertio
1210 3413 1341 3491 peteret,

304 3518 392 3582 nulla
421 3517 470 3582 116
502 3516 637 3600 subegit,
674 3515 732 3580 sed
765 3515 887 3580 iustitia
918 3521 949 3579 61
980 3507 1173 3578 continentia
1203 3521 1260 3574 tuo
1292 3531 1344 3574 ex-

271 3621 430 3705 spressit.
469 3620 610 3700 Matrem,
637 3619 814 3703 coniugem,
840 3618 956 3683 liberos
981 3617 1057 3697 6116,
1082 3615 1144 3680 1161
1167 3614 1251 3697 quod
1275 3613 1343 3678 sine

305 3725 359 3788 illo
383 3732 464 3805 6611,
497 3732 606 3808 captos
631 3744 702 3789 6666
732 3743 796 3787 161
826 3722 998 3787 sensimus:
1029 3718 1201 3804 pudicitiae
1225 3739 1341 3797 earum,

306 3851 387 3912 quae
411 3836 588 3912 supersunt,
622 3848 730 3892 euram
752 3827 839 3892 haud
864 3846 956 3892 secus
988 3846 1082 3908 quarn
1105 3843 1220 3908 parens
1243 3843 1342 3906 agens

305 3932 434 4015 reginas
468 3931 622 4016 appellas,
662 3930 802 4014 speciem
836 3929 989 4014 pristinae
1028 3927 1173 3992 fortunae
1206 3925 1342 3992 retinere
