2976 4322
388 251 640 307 HISTORIARUM
658 251 872 306 ALEXANDRI
891 253 928 305 Vl
949 255 989 307 11.
1155 253 1214 318 161

172 477 242 523 esse
275 464 440 524 tecturum.
470 459 686 525 ÷Parmeni0ni
719 458 792 524 vivo
823 457 928 524 adhuc
959 459 1066 524 Dareo
1102 457 1214 524 intem·
1233 473 1267 523 29

172 562 298 646 pestiva
327 583 379 628 res
409 563 593 629 videbatur:
628 583 691 627 non
721 563 804 628 enim
834 563 903 645 sibi,
935 563 993 628 sed
1025 562 1113 629 hosti
1142 583 1214 628 esse

172 666 333 732 occisuros
363 667 589 750 Alexandrum,
626 669 733 733 Dareo
766 687 843 733 vero
876 668 1003 733 sublato
1040 669 1216 754 praemium

170 771 257 854 regis
291 772 388 838 occisi
418 772 527 838 Asiam
563 779 594 838 et
629 779 729 838 totum
759 772 920 838 Orientem
954 772 1216 838 interfectoribus

171 895 242 940 esse
265 896 404 942 cessura.
450 876 701 962 Approbatoque
733 877 865 942 consilio
894 877 928 940 iu
957 877 1038 942 haec
1068 876 1149 942 fides
1181 885 1217 942 33

171 979 246 1044 data
269 988 371 1047 estet
394 989 537 1067 accepta.
586 980 680 1058 Quod
703 980 746 1046 ad
768 981 932 1066 Dymnum
954 981 1100 1066 pertinet,
1131 981 1211 1045 nihil
1230 993 1264 1044 33

170 1083 236 1148 scio
260 1085 393 1167 ethaeo
416 1085 591 1168 confessus,
607 1086 761 1168 intellego
776 1105 840 1150 uon
855 1084 1009 1170 prodesse
1025 1085 1114 1168 mihi,
1129 1085 1215 1168 quod

169 1190 346 1272 praesentis
377 1190 507 1256 sceleris
539 1210 653 1275 expers
684 1192 774 1255 sum?
820 1189 872 1254 Illi
905 1208 1016 1254 rursus
1049 1190 1213 1254 tormentis
1233 1202 1264 1252 31

168 1293 315 1376 admotis,
350 1315 421 1359 cum
454 1294 533 1380 ipsis
567 1308 693 1376 quoque
726 1294 828 1360 hastis
864 1313 900 1359 os
936 1295 1110 1376 oculosque
1148 1294 1215 1359 eius

169 1398 401 1480 everberarent,
426 1418 622 1485 expressere,
650 1405 684 1463 ut
707 1398 770 1462 hoc
794 1417 920 1480 quoque
943 1398 1062 1463 crimen
1085 1398 1214 1462 confite·

167 1509 263 1567 retur.
309 1502 520 1586 Exigentibus
544 1501 669 1583 deinde,
697 1509 732 1566 ut
755 1501 898 1567 ordinem
928 1502 1062 1584 cogitati
1087 1501 1216 1567 sceleris
1235 1515 1269 1565 32

167 1614 351 1691 exponeret,
384 1627 456 1672 cum
479 1606 534 1672 diu
556 1608 674 1672 Bactra
697 1613 860 1672 retentura
881 1626 991 1690 regem
1022 1605 1214 1687 viderentur,

168 1709 311 1779 timuisse
344 1710 519 1797 respondit,
554 1731 595 1776 ne
629 1717 721 1796 pater
749 1720 824 1774 Lxx
857 1717 951 1776 natus
985 1730 1094 1793 annos,
1133 1711 1215 1776 tanti

167 1816 327 1881 exercitus
343 1816 416 1898 dur,
440 1821 548 1881 tantae
565 1816 720 1901 pecuniae
738 1823 853 1897 eustos,
870 1815 997 1881 interim
1013 1816 1215 1899 extinguere-

165 1929 226 2000 tur,
237 1920 371 2004 ipsique,
385 1920 521 2005 spoliato
544 1920 643 1985 tantis
667 1920 798 2001 viribus,
813 1919 981 1985 occidendi
1004 1915 1091 2003 regis
1115 1940 1214 1985 causa

164 2043 231 2088 non
260 2031 353 2089 esset.
393 2025 573 2090 Festinasse
599 2045 675 2108 ergo
701 2045 744 2106 se,
770 2024 844 2089 dum
866 2023 1041 2109 praemium
1063 2023 1096 2087 in
1118 2025 1215 2088 mani·
1234 2036 1266 2086 33

164 2127 223 2192 bus
246 2128 388 2210 haberet,
411 2135 652 2214 repraesentare
676 2129 858 2194 consilium:
890 2127 980 2194 cuius
1003 2135 1126 2212 patrem
1161 2152 1213 2192 ea-

161 2229 404 2316 portentuose
433 2232 495 2298 nisi
525 2233 698 2314 crederent,
731 2240 895 2314 tormenta,
927 2253 1117 2316 quamquam
1152 2231 1215 2296 iam

164 2336 301 2400 tolerare
323 2355 388 2401 uon
410 2345 529 2422 posset,
553 2345 660 2403 tamen
683 2357 745 2402 non
768 2357 926 2403 recusare.
972 2337 1033 2418 Illi,
1062 2336 1210 2401 collocuti
1231 2349 1266 2400 34

115 2441 160 2512 44
172 2439 251 2504 satis
267 2441 445 2522 quaesitum
460 2440 572 2524 videri,
584 2441 627 2507 ad
642 2461 752 2525 regem
768 2448 982 2507 revertuntur:
1008 2439 1061 2523 qui
1084 2448 1214 2525 postero

165 2543 218 2608 die
242 2551 281 2626 et,
313 2565 394 2627 quae
417 2544 582 2612 confessus
606 2554 674 2612 erat
697 2547 852 2627 Philotas,
894 2545 1021 2610 recitari
1046 2551 1078 2610 33
1100 2545 1213 2629 ipsum,

165 2648 239 2730 quia
260 2649 386 2732 ingredi
415 2670 480 2715 uon
509 2658 642 2736 poterat,
674 2651 766 2716 iussit
797 2650 913 2716 afferri.
960 2649 1074 2714 Omnia
1114 2669 1211 2731 agno·
1230 2661 1264 2712 33

166 2759 274 2818 scente
297 2773 335 2819 eo
376 2754 566 2836 Demetrius,
609 2754 662 2838 qui
703 2755 838 2840 proximi
873 2754 1002 2820 sceleris
1051 2752 1214 2838 particeps

166 2875 236 2920 3333
259 2857 461 2939 arguebatur,
493 2858 687 2943 producitur.
735 2859 835 2922 Multa
858 2857 1068 2922 affirmatione
1107 2857 1211 2920 animi·

165 2980 226 3042 que
248 2961 368 3046 pariter
390 2963 569 3029 constantia
592 2969 624 3028 et
647 2964 755 3028 vultus
779 2965 930 3044 abnuens,
960 2961 1129 3044 quicquam
1152 2960 1212 3024 sibi

164 3063 197 3127 in
218 3084 328 3147 regem
352 3066 525 3150 cogitatum
548 3086 627 3148 esse,
654 3074 812 3132 tormenta
836 3066 933 3132 etiam
962 3065 1159 3151 deposcebat
1181 3065 1213 3129 in

165 3168 386 3254 semetipsum:
411 3191 482 3235 cum
505 3170 647 3236 Philotas
671 3170 863 3236 circumlatis
888 3170 996 3251 oculis,
1014 3177 1048 3234 ut
1072 3169 1213 3234 incidere
1232 3181 1265 3230 36

164 3271 198 3335 iu
227 3272 319 3338 Calin
349 3275 507 3356 quendam
537 3276 624 3340 haud
653 3275 765 3360 procul
796 3281 940 3356 stantem,
972 3273 1104 3359 propius
1136 3293 1209 3338 eum

164 3375 256 3441 iussit
285 3378 449 3444 accedere.
495 3380 555 3445 Illo
586 3382 772 3465 perturbato
803 3386 835 3444 33
868 3383 1038 3444 recusante
1077 3377 1212 3442 transire

164 3479 207 3543 ad
230 3500 310 3562 eum,
331 3481 504 3565 ‘Patieris’,
518 3484 627 3567 inquit,
648 3484 859 3550 ‘Demetrium
882 3483 1017 3564 mentiri,
1039 3501 1212 3564 rursusque

164 3604 216 3648 me
239 3585 455 3650 excruciarii'
502 3585 595 3653 (ialin
617 3588 671 3654 vix
694 3587 825 3671 sanguis
856 3586 1028 3667 defecerat,
1054 3593 1085 3650 et
1110 3585 1211 3650 Mace·
1231 3597 1263 3646 37

166 3687 266 3753 dones
289 3688 438 3756 Philotan
468 3691 635 3775 inquinare
664 3692 811 3757 innoxios
834 3692 919 3757 velle
956 3689 1210 3774 suspicabantur,

166 3792 240 3873 quia
270 3813 330 3858 neo
353 3813 374 3858 a
396 3794 594 3860 Nicomacho
623 3816 683 3860 nec
714 3796 755 3860 ab
785 3795 856 3880 ipso
879 3793 1016 3874 Philota,
1050 3813 1121 3857 oum
1152 3797 1213 3856 tor-

166 3902 324 3978 queretur,
350 3899 530 3965 nominatus
555 3907 639 3966 esset
662 3900 869 3965 adulescens:
896 3899 949 3981 qui
973 3905 1007 3962 ut
1030 3896 1211 3982 praefectos

220 4031 319 4076 Curtius
334 4032 411 4078 Rullus
424 4045 473 4078 von
488 4035 612 4090 Stangl.
1074 4022 1104 4071 ll
