3028 4322
289 217 332 282 52
677 217 708 285 Q.
727 215 837 273 CURTI
853 217 941 273 RUFI

289 422 408 504 videre,
445 430 577 508 reponte
614 422 730 490 sistunt
767 423 913 506 gradum.
966 424 1100 508 Iamque
1136 425 1178 490 ad
1215 445 1325 509 regem

289 525 515 612 proeliantium
546 527 667 592 clamor·
688 533 889 612 pervenerat,
925 547 1006 608 eum,
1038 527 1217 594 denuntiati
1247 530 1326 614 peri·

289 630 353 696 culi
382 629 470 696 haud
492 650 569 697 sane
599 651 720 697 memor
744 669 788 679 —
817 630 950 696 loricam
979 637 1096 714 emen,
1128 653 1224 716 quam
1253 654 1325 699 raro

289 735 451 816 induebat,
482 733 593 801 amicis
623 731 786 802 orantibus
816 736 951 821 sumpsit
973 737 1080 803 —ad
1103 737 1205 822 prima
1235 736 1327 820 signa

240 854 271 905 15
290 839 446 926 pervenit.
493 839 564 917 Quo
595 846 765 926 conspecto
791 840 895 906 Arabs
926 841 1066 923 quidam,
1097 841 1196 907 Darei
1225 843 1324 924 miles,

290 947 393 1013 maius
415 946 544 1012 fortuna
566 967 625 1012 sua
647 945 772 1012 facinus
794 966 900 1027 ausus,
925 946 1068 1030 gladium
1084 947 1186 1033 clipeo
1202 955 1324 1031 tegens,

292 1051 381 1134 quasi
415 1051 584 1134 transfuga
617 1050 754 1133 genibus
783 1051 871 1134 regis
899 1050 1091 1117 advolvitur.
1136 1052 1195 1117 Ille
1225 1072 1326 1118 assur·

241 1169 273 1220 16
292 1177 370 1240 gere
403 1156 580 1241 supplicem
613 1155 776 1241 recipique
810 1156 892 1221 inter
925 1177 1001 1223 suos
1033 1156 1134 1224 iussit.
1181 1157 1224 1222 At
1256 1159 1327 1223 bar·
1508 1157 1509 1178 ¹

291 1263 387 1328 barus
420 1260 530 1346 gladio
564 1267 693 1327 strenue
726 1261 758 1325 in
792 1260 938 1326 dextram
975 1263 1129 1328 translato
1167 1261 1325 1328 cervicem

290 1367 424 1451 appetiit
446 1365 548 1449 regis:
580 1365 634 1446 qni
658 1365 776 1449 exigua
799 1366 940 1450 corporis
971 1364 1184 1432 declinatione
1205 1367 1325 1432 evitato

292 1472 356 1536 ictu
378 1471 412 1535 in
434 1492 550 1538 vanum
577 1491 705 1536 manum
735 1471 863 1536 barbari
892 1473 1014 1555 lapsam
1042 1478 1185 1557 amputat
1207 1472 1325 1556 gladio,

292 1575 478 1641 denuntiato
501 1574 534 1638 in
556 1574 645 1638 illum
668 1573 752 1639 diem
775 1575 929 1659 periculo,
953 1582 989 1640 ut
1011 1575 1225 1641 arbitrabatur
1246 1577 1325 1660 ipse,

243 1692 274 1740 17
293 1680 470 1746 defunctus.
517 1679 591 1760 Sed,
615 1687 650 1745 ut
665 1679 786 1766 opinor,
801 1677 987 1745 inevitabile
1003 1686 1051 1746 est
1066 1680 1183 1745 fatum:
1207 1681 1326 1767 quippe

293 1782 368 1848 dum
390 1783 474 1849 inter
496 1783 650 1868 primores
672 1783 849 1868 promptius
872 1783 1010 1864 dimicat,
1035 1785 1153 1866 sagitta
1171 1784 1253 1850 ictus
1268 1792 1334 1868 est,

294 1909 388 1971 quam
408 1909 465 1974 per
478 1888 610 1954 loricam
632 1889 789 1969 adactam,
813 1895 949 1954 stantem
972 1889 1005 1952 in
1027 1886 1159 1954 humero
1184 1888 1327 1955 medicus

242 2007 275 2058 18
293 1994 360 2060 eius
383 1991 552 2080 Philippus
575 1993 692 2060 evellit.
738 1994 896 2060 Plurimus
919 1993 1035 2060 deiude
1051 1995 1183 2078 sanguis
1197 2015 1326 2061 manare

176 2091 178 2095 ⁸
292 2100 404 2184 coepit,
429 2100 575 2166 omnibus
591 2099 718 2183 territis,
743 2100 908 2183 quianon,
933 2119 1028 2183 quam
1050 2101 1114 2188 alte
1129 2106 1326 2184 penetrasset

290 2205 398 2286 telum,
422 2205 522 2270 lorica
537 2206 684 2271 obstante
699 2211 925 2288 cognoverant
971 2204 1045 2289 Ipse
1061 2205 1180 2272 neoris
1196 2205 1326 2288 quidem

290 2311 397 2375 colore
426 2316 548 2375 mutato
579 2309 734 2395 supprimi
765 2308 953 2392 sanguinem
984 2316 1016 2374 et
1045 2309 1161 2376 vulnus
1190 2309 1325 2393 obligari

239 2423 270 2473 19
289 2413 389 2480 iussit.
437 2413 501 2478 Diu
527 2420 601 2478 ante
631 2413 703 2498 ipsa
732 2412 826 2497 signa
855 2413 906 2478 vel
937 2412 1136 2478 dissimulato
1166 2412 1218 2478 vel
1240 2413 1325 2478 vieto

288 2518 397 2584 dolore
420 2518 612 2604 perstiterat,
644 2539 715 2584 cum
746 2537 935 2603 suppressus
965 2518 1059 2602 paulo
1089 2525 1164 2582 ante
1194 2517 1325 2601 sanguis

286 2623 518 2689 medicamento
549 2634 651 2709 capto,
688 2643 750 2706 quo
780 2629 923 2688 retentus
947 2629 1023 2703 erat,
1051 2642 1180 2688 manare
1203 2623 1325 2706 largius

286 2729 400 2814 coepit,
440 2736 472 2793 et
504 2729 627 2809 vulnus,
668 2727 754 2811 quod
791 2734 904 2812 tepens
938 2727 1045 2792 adhuc
1083 2727 1226 2793 dolorem
1260 2748 1323 2793 non

231 2845 266 2895 20
284 2840 438 2913 moverat,
479 2831 625 2916 frigente¹
651 2831 807 2915 sanguine
845 2831 1001 2896 intumuit.
1055 2830 1169 2914 Linqui
1207 2830 1322 2896 deinde

282 2937 387 3002 animo
403 2943 435 3002 et
451 2934 604 3002 summitti
620 2957 704 3020 genu
722 2933 868 3022 [coepitlz
890 2955 984 3017 quem
1000 2932 1136 3021 proximi
1152 2941 1323 3020 exceptum

282 3042 315 3106 in
331 3048 436 3106 castra
458 3048 655 3126 receperunt.
691 3041 732 3105 Et
755 3041 853 3122 Betis,
877 3040 1077 3106 interiectum
1101 3048 1197 3122 ratus,
1212 3041 1323 3106 urbem

228 3161 260 3210 21
281 3167 382 3212 ovans
404 3146 539 3212 victoria
562 3146 689 3230 repetit.
727 3146 770 3210 At
786 3145 972 3210 Alexander
993 3145 1133 3211 nondum
1155 3151 1322 3231 percurato
1333 3141 1377 3214 28

279 3252 410 3317 vulnere
441 3271 605 3335 aggerem,
641 3270 703 3334 quo
733 3249 897 3316 moenium
927 3249 1129 3316 altitudinem
1159 3255 1320 3332 aequaret,

279 3356 418 3421 extruxit
463 3356 670 3442 pluribusque
716 3354 872 3420 cuniculis
916 3375 1022 3419 muros
1067 3354 1177 3419 subrui
1221 3352 1339 3418 iussit·

226 3475 260 3524 22
279 3461 439 3546 Oppidani
469 3461 511 3526 ad
541 3460 712 3546 pristinum
742 3459 908 3543 fastigium
937 3459 1098 3524 moenium
1129 3480 1246 3526 novum
1269 3477 1323 3522 ex-

274 3573 404 3631 truxere
426 3565 666 3646 munimentum,
698 3563 756 3630 sed
779 3585 819 3628 ne
850 3562 883 3628 id
918 3563 1048 3645 quidem
1072 3571 1175 3628 turres
1207 3561 1324 3645 aggeri

275 3669 442 3756 impositas
462 3677 588 3756 poterat
610 3689 758 3753 aequare.
794 3669 908 3752 ltaque
924 3668 1075 3734 interiora
1090 3688 1216 3751 quoque
1231 3665 1320 3732 urbis

223 3786 256 3836 23
278 3773 396 3839 infesta
424 3774 497 3839 telis
528 3780 628 3839 erant.
676 3773 796 3839 Ultima
826 3772 926 3857 pestis
957 3772 1045 3837 urbis
1082 3771 1141 3836 fuit
1175 3769 1321 3836 cuniculo

273 3877 425 3942 subrutus
441 3896 559 3958 murus,
577 3897 635 3961 per
651 3875 740 3941 cuius
755 3875 863 3941 ruinas
880 3874 979 3940 hostis
994 3873 1133 3940 intravit
1168 3873 1316 3938 Ducebat
