2970 4322
354 247 606 302 HISTORIAM-HM
624 248 840 303 ALEXANDRI
860 249 883 301 X
903 252 926 302 3.
945 251 970 301 4.
1121 251 1180 314 291

142 450 262 516 ascitos
293 453 411 518 milites
434 454 562 520 credite.
609 455 705 522 Asiae
729 463 760 522 et
790 457 937 542 Europae
959 477 1057 522 unum
1086 463 1184 540 atque

141 553 228 620 idem
243 576 378 640 regnum
401 563 459 623 est.
494 558 704 626 Macedonum
720 559 812 626 vobis
827 560 982 640 amado,
1005 560 1180 626 inveteravi

141 659 346 743 peregrinam
376 661 560 729 novitatem.
607 665 648 729 nt
678 665 766 732 cives
796 666 858 733 mei
889 666 967 732 estis
994 672 1025 730 et
1055 665 1182 730 milites.

142 762 258 828 Omnia
280 764 418 831 eundem
441 766 561 833 ducunt
583 770 737 834 colorem:
761 790 819 834 nee
842 769 950 835 Persis
973 769 1184 834 Macedonum
1205 779 1237 830 14

142 887 263 934 morem
292 869 485 936 adumbrare
515 893 575 937 nec
598 873 828 940 Macedonibus
851 873 966 940 Persas
995 873 1113 938 imitari
1139 873 1184 938 in-

140 972 302 1038 decorum.
349 974 502 1042 Eiusdem
532 977 609 1042 iuris
640 997 711 1043 esse
741 977 868 1059 debent,
901 977 955 1060 qui
982 978 1042 1044 sub
1072 977 1184 1044 eodem

140 1097 218 1160 rege
241 1077 356 1144 victuri
378 1081 471 1144 sunt?

209 1227 211 1233 -
249 1181 324 1246 Hac
344 1184 486 1248 oratione
508 1185 624 1249 latita
640 1185 750 1250 Persis
772 1187 912 1273 corporis
933 1187 986 1251 sui
1005 1187 1183 1252 custodiam

143 1286 294 1369 credidit,
313 1287 433 1352 Persas
454 1288 615 1372 satellites,
635 1289 755 1354 Persas
773 1292 974 1376 apparitores
987 1290 1085 1376 feeit.
1120 1291 1185 1354 Per

141 1413 222 1474 quos
245 1413 319 1453 cum
335 1391 535 1475 Macedones,
560 1394 619 1479 qui
640 1394 717 1457 huic
739 1395 891 1458 seditioni
909 1396 1107 1459 occasionem
1130 1395 1182 1458 de-

143 1495 275 1577 dissent,
306 1496 408 1559 uincti
433 1497 479 1560 ad
504 1497 666 1584 supplicia
694 1499 907 1582 traherentur,
936 1521 1038 1562 unum
1065 1521 1104 1563 erc
1130 1498 1183 1581 iis,

142 1599 337 1664 auctoritate
372 1610 401 1664 et
434 1611 539 1666 aetate
573 1625 719 1690 precem,
744 1604 789 1668 ad
822 1626 926 1690 rupem
960 1603 1008 1667 ita
1043 1603 1183 1667 locutum

131 1703 273 1788 ferunt:

601 1813 666 1868 om.
685 1815 738 1868 lv:

84 1921 126 1993 13
240 1913 447 1996 ‘Quousque’
470 1913 583 1997 inquit,
607 1903 725 1981 ‘animo
747 1922 803 1981 tuo
826 1915 923 1982 etiam
945 1936 1002 2001 per
1024 1914 1212 2001 suppliciar

140 2024 173 2083 et
197 2018 326 2100 quidem
350 2020 472 2084 externi
495 2021 592 2086 moris
615 2019 825 2104 obsequeris?
862 2020 981 2086 Milites
1002 2020 1059 2102 tui,
1091 2019 1178 2084 cives

140 2121 189 2186 tui
211 2121 374 2206 incognita
397 2143 493 2189 eausa
513 2131 544 2190 et
564 2124 697 2210 captivis
721 2125 786 2190 suis
805 2124 994 2191 ducentibus
1013 2124 1181 2189 trahuntur

140 2225 184 2290 ad
206 2233 352 2311 poenam.
398 2228 589 2295 simonem
612 2228 766 2294 meruisse
788 2228 920 2309 iudicas,
956 2228 1070 2293 saltem
1093 2227 1182 2293 mini-

141 2337 224 2396 stros
258 2332 408 2417 supplicii
442 2337 550 2398 muta?
596 2333 709 2399 Amico
742 2334 858 2414 animo,
893 2332 920 2398 si
953 2331 1021 2396 veri
1054 2332 1214 2417 patiensa

141 2434 263 2515 fuisset,
277 2435 516 2519 admonebatur,
529 2437 587 2502 sed
601 2438 634 2502 in
645 2439 766 2504 rabiem
782 2439 828 2503 ira
844 2444 1042 2522 pervenerat.
1068 2437 1180 2520 Itaque

140 2558 252 2605 rursus
274 2578 317 2587 -
339 2562 413 2605 nam
435 2562 614 2627 parumper,
639 2542 753 2626 quibus
775 2543 966 2626 imperatum
989 2546 1067 2622 erat,
1091 2540 1180 2605 dubi·

139 2652 285 2710 taverant
308 2683 349 2693 —
372 2647 473 2730 mergi
496 2647 530 2712 in
552 2668 687 2729 amnem,
720 2647 801 2713 sicut
823 2647 920 2712 vincti
943 2652 1042 2728 erant,
1075 2645 1178 2711 iussit.

140 2749 191 2814 Ne
221 2749 282 2816 hoc
311 2750 439 2833 quidem
469 2751 662 2836 supplicium
692 2752 880 2818 seditionem
910 2751 1047 2816 militum
1069 2749 1214 2815 movits

138 2854 286 2937 Namque
320 2855 485 2940 copiarum
515 2855 614 2921 duces
647 2861 744 2938 atque
773 2855 894 2921 amicos
924 2855 993 2921 eius
1026 2853 1179 2939 manipuli

140 2959 271 3042 adeunt,
300 2967 454 3047 petentes,
485 2968 528 3042 ut,
560 2960 587 3026 si
610 2979 690 3043 quos
713 2959 819 3026 adhuc
841 2960 974 3045 pristina
995 2979 1079 3025 noxa
1100 2958 1179 3023 iudi·

139 3071 227 3129 caret
246 3085 317 3131 esse
333 3074 504 3146 contactos,
528 3064 652 3131 iuberet
673 3064 817 3131 interfici.
843 3064 966 3130 Offerre
989 3083 1023 3131 se
1046 3083 1179 3148 corpora

138 3168 222 3234 irae:
250 3169 431 3235 trucidaret.
483 3169 627 3235 Tandem
644 3193 729 3255 prae
752 3170 856 3233 dolere
879 3170 935 3231 uin
958 3169 1073 3232 mentis
1095 3191 1177 3231 com-

131 3283 223 3359 potes
240 3276 385 3339 uniuersi
405 3285 599 3339 concurrunt
615 3275 660 3338 ad
679 3275 805 3361 repiam
825 3274 989 3358 armisque
1006 3271 1180 3357 anteferes

132 3379 289 3464 proiectis
318 3380 459 3443 tunicati
490 3388 630 3442 astantes
652 3378 743 3442 nuda
770 3387 799 3441 et
821 3377 959 3441 chaonia
975 3377 1089 3461 poenis
1111 3398 1177 3438 cor·

131 3505 220 3568 pora
244 3483 379 3546 admitti
400 3483 514 3568 flentes
537 3483 683 3547 mebant.
729 3483 805 3546 Nou
827 3504 857 3546 se
888 3481 1068 3566 deprecari,
1099 3481 1179 3565 quin

137 3587 308 3671 suppliciis
336 3588 474 3651 sontium
499 3588 719 3672 captarentur,
754 3608 837 3671 quae
853 3608 915 3671 per
938 3585 1178 3648 contumaciam

140 3689 357 3776 deliquissent.
403 3692 502 3776 Repis
534 3691 747 3754 iracundiam
782 3689 844 3754 sibi
874 3699 971 3754 morte
1006 3689 1177 3752 tristiorem

138 3818 212 3858 esse.
259 3791 404 3880 Cumque
435 3796 503 3860 dies
532 3805 694 3880 noctesque
726 3804 799 3858 ana
828 3795 954 3880 repiam
977 3793 1178 3878 persistentes

140 3899 323 3964 miserabili
357 3900 495 3964 clamore
526 3901 700 3985 habituque
724 3899 962 3986 paenitentiam
994 3920 1088 3960 suam
1120 3921 1175 3982 ap-

1024 4019 1072 4072 19*
