2976 4322
303 203 366 266 212
695 205 725 270 0.
747 202 960 258 0011110011

300 407 390 472 abire
413 415 588 492 conspectu
610 407 709 492 iubet,
733 407 844 472 addito
873 414 960 474 metu
980 408 1097 490 mortis,
1130 409 1157 474 si
1181 428 1216 474 se
1240 409 1341 474 oeulis

301 511 370 576 eius
393 511 568 592 obtulisset,
592 516 625 576 et
647 511 689 576 ad
711 509 904 577 desiderium
927 512 1099 578 levandum
1114 519 1226 578 noctes
1242 533 1341 596 agere

266 615 382 684 610101
404 615 522 699 pelices
546 615 659 700 coepit.
706 615 771 680 Sed
794 616 918 700 penitus
942 616 1075 680 haerens
1098 637 1190 681 amor
1212 616 1341 682 fastidio

300 719 512 804 praesentium
536 740 688 784 accensus
701 727 758 784 est.
804 721 925 802 ltaque,
950 740 1056 786 rursus
1075 720 1129 785 uni
1152 721 1182 785 ei
1205 721 1340 802 deditus,

301 844 391 889 orare
415 846 478 889 non
502 824 631 905 destitit,
656 832 690 890 ut
705 825 761 889 tali
778 825 908 889 consilio
925 825 1099 890 abstineret
1114 832 1340 909 patereturque

301 936 428 1008 sortem,
459 948 688 1011 quamcumque
718 929 757 993 iis
783 928 910 993 fortuna
940 928 1086 994 fecisset:
1117 929 1177 994 sibi
1207 937 1342 995 mortem

266 1052 280 1100 7
300 1031 460 1097 deditione
486 1053 556 1098 esse
579 1033 740 1098 leviorem.
779 1032 822 1096 At
844 1033 899 1097 illa
915 1054 1050 1118 purgare
1074 1053 1117 1115 se,
1142 1035 1236 1118 quod,
1259 1055 1342 1117 quae

298 1136 387 1201 utilia
411 1157 480 1202 esse
504 1137 666 1215 censebat,
688 1137 883 1202 muliebriter
905 1137 1051 1216 forsitan,
1074 1138 1132 1202 sed
1154 1138 1219 1202 fida
1233 1146 1342 1203 tamen

298 1247 404 1304 mente
434 1240 603 1305 suasisset:
639 1241 679 1305 de
711 1248 816 1305 cetero
847 1240 985 1305 futuram
1018 1241 1052 1304 in
1081 1241 1141 1306 viri
1170 1249 1339 1326 potestate.

265 1361 281 1412 s
300 1345 509 1429 Spitamenes,
531 1344 677 1410 simulato
701 1351 813 1430 captus
837 1345 998 1427 obsequio,
1019 1345 1059 1410 de
1083 1345 1135 1410 die
1159 1347 1342 1412 convivium

299 1449 446 1532 apparari
469 1449 557 1516 iubet
578 1448 714 1530 vinoque
745 1456 776 1513 et
807 1449 908 1534 epulis
938 1449 1046 1531 gravis
1077 1450 1287 1516 semisomnus
1308 1451 1342 1516 in

263 1571 278 1622 9
298 1552 475 1616 cubiculum
498 1551 605 1617 fertur.
645 1553 747 1630 tluem
770 1559 803 1617 ut
826 1554 890 1618 alto
914 1560 945 1618 et
964 1553 1056 1635 gravi
1071 1573 1181 1619 somno
1197 1555 1338 1640 sopitum

297 1675 367 1720 esse
404 1655 502 1721 sensit
539 1677 626 1736 uxor,
665 1655 816 1739 gladium,
856 1677 951 1738 quem
984 1664 1073 1723 veste
1111 1659 1337 1741 occultaverat,

296 1759 422 1842 stringit
453 1767 611 1845 caputque
643 1761 709 1824 eius
740 1760 908 1842 abscisum,
929 1782 1039 1826 cruore
1069 1782 1224 1847 respersa,
1246 1784 1342 1830 servo

247 1885 278 1934 10
297 1884 353 1929 suo
386 1864 512 1928 conscio
542 1864 692 1930 facinoris
722 1864 826 1930 tradit.
872 1865 994 1930 Eodem
1025 1866 1204 1948 comitante,
1240 1868 1333 1933 sicuti
1353 1875 1392 1944 12

295 1976 363 2034 erat
388 1976 517 2034 eruenta
540 1975 638 2049 veste,
662 1969 694 2032 in
712 1969 922 2035 Macedonum
938 1977 1044 2035 castra
1058 1971 1203 2056 pervenit
1217 1973 1343 2038 nuntia-

294 2074 383 2156 rique
428 2073 610 2138 Alexandro
647 2074 735 2138 iubet
775 2094 856 2153 esse,
899 2095 980 2156 quae
1022 2097 1063 2140 ex
1103 2075 1186 2160 ipsa¹
1208 2077 1342 2144 deberet

244 2195 273 2246 11
295 2198 478 2260 agnoscere.
514 2179 572 2242 Ille
595 2178 737 2264 protinus
760 2178 928 2243 barbaram
951 2179 1041 2244 iussit
1063 2179 1196 2245 admitti.
1233 2182 1338 2259 Quam

295 2290 329 2347 ut
358 2303 536 2368 respersam
566 2303 676 2348 cruore
705 2284 880 2368 conspexit,
915 2291 1001 2349 ratus
1032 2285 1074 2350 ad
1108 2285 1338 2369 deplorandam

246 2387 518 2464 racontumeliam
541 2387 676 2467 venisse,
708 2386 814 2452 dicere
845 2409 925 2470 quae
955 2390 1052 2453 vellet
1074 2389 1169 2454 iubet.
1215 2389 1258 2456 At
1280 2391 1336 2456 illa

295 2511 429 2573 servum,
455 2511 549 2572 quem
571 2491 604 2555 in
620 2491 775 2556 vestibulo
799 2499 883 2556 stare
905 2493 1048 2574 iusserat,
1073 2493 1230 2559 introduci
1254 2495 1336 2560 desi-

295 2595 426 2660 deravit.
467 2595 537 2678 Qui,
562 2595 636 2678 quia
659 2603 754 2680 caput
769 2596 961 2680 Spitamenis
984 2605 1073 2662 veste
1096 2605 1215 2663 tectum
1237 2599 1333 2664 habe-

295 2700 358 2781 bat,
399 2706 565 2783 suspectus
603 2699 824 2779 scrutantibus,
863 2699 939 2781 quid
976 2702 1145 2781 occuleret,
1184 2703 1332 2769 ostendit.

243 2821 275 2870 13
294 2802 489 2868 Confuderat
513 2803 575 2867 oris
604 2803 757 2885 exanguis
787 2810 879 2868 notas
909 2804 1019 2888 pallor,
1044 2825 1112 2886 neo,
1145 2806 1215 2888 quis
1239 2819 1335 2888 esset,

294 2907 383 2973 nosci
406 2907 492 2976 satis,
506 2913 639 2990 poterat.
686 2907 771 2990 Ergo
794 2928 861 2991 rex,
892 2908 1006 2972 certior
1032 2909 1136 2974 factus
1160 2910 1334 2976 humanum

295 3018 390 3094 caput
416 3010 529 3075 afferre
564 3031 644 3092 euru,
668 3011 872 3075 tabernaculo
896 3013 1033 3077 excessit
1056 3020 1331 3097 percontatusque,

244 3132 276 3181 14
296 3115 372 3197 quid
394 3114 439 3180 rei
463 3114 512 3196 sit,
536 3115 589 3179 illo
612 3115 778 3200 profitente
802 3117 975 3198 cognoscit.
1012 3117 1127 3182 Variae
1151 3117 1224 3182 hinc
1248 3120 1333 3201 cogi-

294 3220 432 3284 tationes
448 3219 584 3284 invicem
599 3219 738 3283 animum
754 3219 880 3287 diversa
896 3221 1071 3302 agitantem
1086 3231 1333 3288 commoverant.

295 3323 441 3388 Meritum
463 3323 576 3405 ingens
600 3323 631 3386 in
655 3330 755 3388 semet
777 3343 848 3388 esse
872 3324 1031 3406 credebat,
1060 3325 1144 3407 quod
1166 3326 1337 3409 transfuga

295 3435 326 3492 et
348 3427 498 3512 proditor,
530 3427 625 3492 tantis
648 3427 752 3508 rebus,
784 3427 810 3493 si
833 3428 974 3509 vixisset,
1006 3429 1177 3494 iniecturus
1201 3451 1332 3512 moram,

294 3533 479 3596 interfectus
503 3538 603 3596 esset:
628 3539 738 3596 contra
753 3533 876 3597 facinus
892 3533 1005 3616 ingens
1021 3534 1237 3615 aversabatur,
1262 3555 1335 3600 cum

295 3636 413 3721 optime
435 3635 581 3701 meritum
603 3636 643 3700 de
666 3637 746 3722 ipsa,
771 3638 982 3702 communium
1004 3644 1169 3722 parentem
1190 3637 1335 3724 liberum,

245 3757 276 3806 15
295 3763 352 3826 per
380 3740 512 3804 insidias
542 3740 762 3806 interemisset.
809 3741 892 3806 Vicit
921 3749 1028 3806 tamen
1058 3742 1194 3824 gratiam
1227 3743 1332 3808 meriti

295 3845 424 3911 sceleris
440 3845 589 3910 atrocitas
605 3845 844 3928 denuntiarique
860 3846 958 3926 iussit,
982 3853 1017 3910 ut
1032 3845 1202 3910 excederet
1218 3848 1333 3914 castris
