2976 4322
261 129 325 194 232
652 129 682 194 o.
702 127 810 182 cucur
832 125 919 180 acar

256 337 456 419 redimitique
479 335 591 401 fronde
614 343 680 400 toto
713 355 841 400 nemore
865 334 983 400 similes
1003 335 1231 400 bacchantibus
1255 356 1316 400 va-

208 451 240 502 16
259 449 420 524 gerentur.
471 439 610 506 Vocibus
640 459 717 521 ergo
744 445 791 504 tot
809 438 939 520 milium,
969 439 1149 524 praesidem
1171 439 1316 504 nemoris

265 546 333 610 eius
357 544 452 610 deum
476 542 687 622 adorantium,
700 542 777 624 iuga
791 541 907 608 montis
930 543 1091 626 collesque
1106 543 1315 624 resonabant,

261 670 333 715 cum
357 655 425 713 orta
447 647 576 713 licentia
602 668 622 711 a
644 646 767 731 paucis,
790 653 825 710 ut
854 645 920 711 sore
943 646 986 727 fit,
1009 647 1042 710 in
1073 667 1182 712 omnes
1205 668 1240 712 se
1265 669 1317 713 re-

211 764 242 814 17
261 760 356 837 pente
378 753 553 834 vulgasset.
578 749 717 835 Quippe,
734 749 868 814 velutin
891 749 997 816 media
1011 772 1101 836 pace,
1113 773 1170 836 per
1192 753 1313 818 herbas

261 863 491 941 aggestamque
516 854 660 919 frondem
682 861 881 938 prostravere
904 875 1046 939 corpora.
1092 856 1221 937 atrax,
1247 857 1314 922 for-

261 961 373 1026 tuitam
395 959 549 1024 laetitiam
571 980 634 1024 non
657 966 831 1040 aversatus,
845 959 935 1041 large
958 958 1000 1023 ad
1023 960 1133 1044 epulas
1157 961 1309 1027 omnibus

261 1064 412 1151 praebitis
435 1085 492 1148 per
515 1074 539 1126 X
558 1062 626 1128 dies
650 1063 763 1127 Libero
787 1063 873 1127 Patri
896 1069 1061 1148 operatum
1080 1062 1192 1129 habuit
1215 1086 1308 1131 exer·

214 1177 246 1228 18
265 1169 369 1246 citum.
395 1167 473 1245 Quis
495 1174 593 1250 neget
616 1166 764 1231 eximiam
787 1186 913 1250 quoque
939 1166 1075 1250 gloriam
1097 1169 1225 1253 saepius
1249 1169 1310 1236 sor·

263 1281 358 1339 tunae
386 1293 483 1354 quam
512 1270 637 1337 virtutis
668 1290 738 1336 esse
768 1270 980 1336 heneficium?
1015 1271 1132 1356 quippe
1162 1293 1203 1337 ne
1237 1294 1311 1358 epu-

263 1379 364 1442 lantes
388 1375 515 1459 quidem
538 1381 569 1440 et
592 1375 711 1459 sopitos
735 1394 821 1438 mero
845 1373 981 1457 aggredi
1004 1395 1099 1440 ausus
1124 1383 1172 1441 est
1196 1376 1309 1458 hostis,

264 1480 350 1546 haud
362 1499 454 1545 secus
469 1479 691 1544 bacchantium
711 1478 962 1560 ululantiumque
975 1479 1102 1544 fremitu
1114 1481 1311 1564 pertenitus,

267 1606 363 1668 quam
385 1584 412 1648 si
434 1582 656 1668 proeliantium
679 1582 798 1648 clamor
821 1589 905 1647 esset
928 1582 1064 1648 auditus.
1098 1583 1221 1649 Eadem
1244 1585 1312 1650 feli-

266 1690 345 1755 citas
376 1687 417 1752 ab
447 1685 576 1752 Oceano
610 1693 809 1777 revertentes
839 1687 1028 1753 temulentos
1055 1687 1313 1771 comisantesque

265 1793 347 1859 inter
369 1813 424 1857 ora
446 1790 693 1858 hostium-texit.

215 1910 247 1960 19
369 1896 453 1960 Hine
464 1895 506 1959 ad
517 1895 690 1978 regionem,
706 1915 788 1978 quae
801 1893 948 1960 Daedala
963 1902 1102 1977 vocatur,
1118 1905 1306 1980 perventum
1318 1897 1360 1982 37

267 2009 323 2068 est.
360 2001 573 2065 Deseruerant
595 1999 718 2064 incolae
741 1997 834 2063 sedes
859 1998 946 2063 etin
969 1999 1059 2064 avios
1083 2001 1309 2086 silvestresque

267 2112 389 2171 montes
412 2104 629 2187 confugerant.
677 2104 763 2186 Ergo
787 2101 926 2168 Acadira
952 2104 1073 2185 transit,
1102 2125 1205 2189 aeque
1235 2115 1309 2172 usta

216 2222 250 2272 20
268 2218 300 2276 et
323 2208 473 2274 destituta
494 2207 698 2273 incolentium
721 2207 807 2289 fuga.
846 2208 958 2288 Itaque
982 2207 1137 2274 rationem
1159 2210 1235 2274 belli
1258 2231 1311 2276 ne-

269 2313 400 2380 cessitas
423 2311 563 2376 mutavit.
588 2311 812 2376 Divisisenim
835 2311 934 2394 copiis
950 2311 1091 2395 pluribus
1115 2313 1209 2378 simul
1234 2315 1315 2381 locis

269 2439 357 2482 arma
373 2415 519 2498 ostendit,
536 2415 751 2500 oppressique,
764 2415 818 2479 ubi
833 2436 896 2479 non
912 2410 1162 2500 expectaverant
1177 2417 1315 2500 hostem,

219 2534 249 2584 21
271 2521 355 2586 omni
378 2519 468 2588 clade
492 2518 660 2604 perdomiti
683 2526 765 2584 sunt.
806 2519 1009 2584 Ptolomaeus
1032 2520 1183 2604 plurimas
1210 2523 1314 2604 urbes,

272 2623 454 2690 Alexander
476 2623 631 2688 maximas
666 2622 766 2707 oepit:
800 2641 981 2705 rursusque,
1007 2644 1085 2706 quas
1113 2624 1316 2691 distribuerat

221 2743 254 2792 22
273 2729 391 2813 copias,
415 2727 525 2792 iunxit.
571 2725 726 2811 Superato
749 2725 865 2791 deinde
888 2725 1035 2811 Choaspe
1065 2749 1158 2793 amne
1187 2729 1316 2795 Ooenon

273 2835 305 2898 in
329 2831 493 2897 obsidione
516 2831 603 2896 urbis
627 2831 795 2915 opulentae
818 2867 858 2876 -
880 2830 974 2895 Beira
996 2831 1121 2898 incolae
1143 2841 1259 2899 vocant
1277 2872 1316 2881 —

273 2936 408 3018 reliquit,
438 2935 507 3019 ipse
530 2934 572 3000 ad
595 2935 747 3017 Mazagas
771 2935 867 3000 venit.
896 2935 1006 3020 Nuper
1029 2935 1203 3019 Assacano,
1227 2939 1316 3004 cuius

274 3061 408 3122 regnum
431 3039 542 3120 fuerat,
567 3037 729 3103 demortuo
753 3037 876 3120 regioni
884 3037 1025 3121 urbique
1047 3047 1193 3124 praeerat
1217 3050 1318 3108 mater

224 3158 257 3207 23
276 3144 344 3208 eius
367 3142 527 3227 Cleophis,
566 3151 709 3204 XXXVIII
728 3141 816 3206 milia
837 3141 978 3226 peditum
1009 3145 1178 3209 tuebantur
1207 3146 1318 3210 urbem

275 3267 339 3310 non
366 3245 427 3311 situ
457 3246 568 3326 solum,
599 3243 658 3310 sed
688 3245 783 3309 ctiam
816 3267 911 3330 opere
942 3246 1102 3312 munitam.
1148 3249 1231 3314 Nam
1254 3269 1318 3332 qua

277 3357 399 3434 spectat
426 3349 586 3430 orientem,
611 3348 747 3431 cingitur
776 3370 868 3414 amne
891 3350 1031 3432 torrenti,
1056 3351 1109 3434 qui
1139 3354 1317 3438 praeruptis

225 3469 259 3520 24
277 3453 433 3535 utrimque
456 3453 533 3538 ripis
556 3453 677 3518 aditum
700 3452 741 3516 ad
757 3453 1029 3539 urbemimpedit-
1045 3454 1098 3519 Ad
1120 3456 1318 3522 occidentem

278 3579 316 3622 ac
338 3557 502 3623 meridiem
525 3558 611 3622 velut
634 3556 674 3622 de
697 3556 851 3622 industria
872 3577 967 3642 rupes
990 3561 1150 3643 praealtas
1166 3561 1319 3627 obmolita

278 3669 390 3726 natura
416 3669 473 3742 est,
496 3661 580 3725 infra
610 3680 688 3744 quas
712 3681 867 3727 cavernae
899 3668 931 3725 et
953 3662 1123 3744 voragines
1146 3663 1243 3746 longa
1266 3685 1318 3730 ve-

280 3772 396 3828 tustate
426 3766 458 3829 in
489 3765 587 3828 altum
613 3771 745 3829 cavatae
773 3765 885 3845 iacent,
911 3785 1036 3847 quaque
1052 3766 1207 3848 desinunt,
1231 3769 1319 3834 fossa
