3040 4318
260 198 302 262 56
648 199 679 264 Q.
698 198 806 252 CURTI
823 198 911 252 RUFI

260 411 402 468 veterem
435 401 560 485 regiam
595 403 719 483 clausit,
754 403 787 466 in
821 403 968 488 proxima
997 403 1152 486 coniuges
1190 423 1299 468 eorum

261 527 334 572 oum
357 507 467 572 liberis
490 513 522 571 et
544 506 701 590 pelicibus
735 507 924 572 babitabant
949 545 987 554 —
1012 506 1065 572 hio
1099 526 1224 590 quoque
1247 506 1299 570 dei

261 610 426 675 oraculum
437 610 657 674 est-ultima
669 611 866 675 munimenta
877 610 1300 694 satellitumarmigerorum-

210 728 243 776 aa
263 733 325 796 que
355 713 450 778 sedes
481 719 589 778 erant·
626 713 683 778 Est
713 721 745 778 et
775 714 864 778 aliud
887 714 1076 779 Hammonis
1107 733 1229 791 nemus,
1267 713 1300 776 in

262 816 367 881 medio
398 816 497 881 habet
527 816 664 882 fontem:
697 817 782 882 Solis
812 837 929 901 aquam
959 825 1084 883 vocant.
1130 817 1197 883 Sub
1220 816 1300 880 lucis

262 928 367 986 ortum
389 919 500 1005 tepida
522 928 640 1002 manat,
664 919 770 985 medio
794 920 855 1002 die,
888 921 978 986 cuius
1000 920 1300 986 vehementissimus

262 1033 310 1090 est
340 1025 435 1105 calor,
470 1023 589 1108 frigida
622 1023 737 1090 eadem
769 1024 848 1106 fluit,
883 1026 1035 1090 inclinato
1069 1025 1102 1090 in
1132 1045 1301 1109 vesperam

263 1128 401 1209 calescit,
437 1127 544 1194 media
578 1135 671 1193 nocte
705 1128 831 1195 fervida
865 1137 1042 1211 exaestuat,
1078 1148 1206 1212 quoque
1236 1148 1301 1193 nox

262 1233 394 1318 propius
423 1233 529 1316 vergit
560 1232 602 1298 ad
632 1233 745 1314 lucem,
781 1234 915 1298 multum
945 1254 986 1298 ex
1015 1241 1168 1299 nocturno
1195 1234 1301 1298 calore

263 1336 428 1418 decrescit,
460 1339 564 1402 donec
588 1338 648 1402 sub
678 1338 783 1423 ipsum
813 1338 877 1404 diei
899 1345 1002 1404 ortum
1032 1347 1161 1404 assueto
1191 1346 1301 1424 tepore

212 1457 246 1506 23
264 1443 462 1525 languescat.
508 1442 553 1523 Id,
578 1443 663 1527 qood
693 1464 750 1527 pro
775 1441 835 1508 deo
860 1443 982 1524 colitur,
1014 1464 1077 1508 non
1100 1443 1236 1508 eandem
1259 1442 1302 1507 ef·

264 1543 372 1629 figiem
395 1546 502 1627 babet,
535 1566 632 1627 quam
655 1548 752 1630 vulgo
783 1546 845 1612 diis
875 1547 1013 1612 artifices
1043 1547 1303 1614 accommodave-

238 1657 352 1716 rrunt:
388 1651 538 1716 umbilico
569 1651 709 1716 maxime
739 1652 851 1716 similis
882 1660 931 1717 est
961 1651 1099 1732 habitus,
1129 1650 1302 1734 zmaragdo

213 1769 247 1818 24
269 1763 301 1821 et
331 1753 467 1839 gemmis
497 1762 752 1838 coagmentatus.
798 1756 900 1837 Hunc,
933 1775 1005 1822 cum
1034 1775 1222 1840 responsum
1251 1775 1302 1839 pe·

268 1860 353 1940 titur,
385 1858 514 1942 navigio
545 1866 656 1924 aurato
686 1867 814 1942 gestant
844 1859 1036 1942 sacerdotes,
1061 1860 1169 1924 multis
1191 1879 1304 1942 argen-

269 1962 330 2028 teis
352 1962 471 2046 pateris
493 1962 534 2026 ab
562 1969 697 2043 utroque
726 1963 845 2046 navigii
876 1964 976 2029 latere
998 1963 1227 2048 pendentibus:
1257 1982 1304 2027 se-

266 2072 404 2148 quuntur
427 2070 592 2132 matronae
621 2067 835 2150 virginesque,
863 2067 966 2152 patrio
990 2087 1076 2132 more
1106 2065 1302 2132 inconditum

266 2170 429 2259 quoddam
458 2191 586 2236 carmen
616 2178 776 2252 canentes,
809 2191 872 2252 quo
904 2171 1072 2257 propitiari
1102 2172 1213 2236 Iovem
1240 2191 1304 2235 cre-

214 2297 247 2347 25
266 2275 353 2355 dunt,
378 2283 413 2338 ut
436 2281 557 2340 certum
580 2273 656 2339 edat
679 2275 851 2340 oraculum.
897 2275 944 2340 Ac
964 2283 1032 2340 tum
1047 2275 1175 2358 quidem
1190 2295 1300 2357 regem
1313 2279 1357 2349 32

266 2379 397 2465 propius
423 2379 597 2444 adeuntem
627 2380 783 2445 maximus
815 2387 892 2446 natu
915 2401 933 2446 e
956 2380 1176 2446 sacerdotibus
1205 2378 1304 2444 filium

265 2483 416 2569 appellat,
448 2483 508 2548 hoc
538 2505 655 2550 nomen
685 2485 732 2550 illi
761 2493 929 2569 parentem
962 2485 1074 2550 Iovem
1104 2485 1239 2550 reddere
1261 2484 1306 2549 as·

267 2589 407 2656 firmans.
453 2588 512 2652 Illa
551 2609 586 2654 se
619 2609 695 2654 vero
730 2596 762 2654 et
795 2590 942 2674 accipere
975 2589 1021 2656 ait
1055 2596 1086 2655 et
1119 2609 1305 2673 agnoscere,

215 2713 248 2764 26
267 2693 426 2759 humanae
460 2693 555 2758 sortis
591 2693 718 2758 oblitus.
773 2693 940 2759 Consuluit
974 2693 1100 2774 deinde,
1135 2716 1176 2759 an
1208 2693 1306 2758 totius

268 2797 353 2864 orbis
376 2796 545 2880 imperium
568 2797 642 2861 fatis
666 2797 727 2862 sibi
750 2798 971 2862 destinaretur.
1019 2799 1125 2878 Vates,
1150 2817 1251 2880 aeque
1274 2796 1306 2860 in

268 2904 485 2970 adulationem
506 2903 710 2987 compositus,
735 2910 893 2968 terrarum
908 2903 1050 2967 omnium
1066 2909 1221 2967 rectorem
1236 2901 1306 2966 fore

217 3025 250 3075 27
270 3009 420 3074 ostendit.
466 3009 544 3073 Post
567 3009 646 3073 hacc
663 3008 777 3074 institit
796 3027 957 3088 quaerere,
982 3028 1023 3072 an
1039 3026 1151 3072 omnes
1166 3005 1306 3088 parentis

269 3113 318 3179 sui
340 3111 562 3178 interfectores
584 3132 706 3197 poenas
733 3112 906 3177 dedissent.
953 3110 1111 3176 Sacerdos
1142 3115 1306 3195 parentem

270 3216 338 3282 eius
361 3224 458 3297 negat
481 3215 575 3281 ullius
606 3215 728 3280 scelere
758 3235 853 3298 posse
883 3214 1005 3295 violari,
1037 3213 1177 3298 Philippi
1199 3218 1307 3278 autem

271 3340 379 3386 omnes
409 3319 506 3385 luisse
538 3319 712 3403 supplicia:
747 3318 874 3400 adiecit,
909 3318 1062 3384 invictum
1092 3317 1170 3397 fore,
1205 3316 1306 3382 donec

219 3441 252 3492 28
271 3425 441 3492 excederet
474 3424 516 3489 ad
551 3424 636 3489 deos.
692 3423 855 3490 Sacrificio
890 3423 1006 3488 deinde
1040 3421 1126 3488 facto
1159 3421 1243 3486 dona
1276 3427 1308 3486 et

271 3529 491 3594 sacerdotibus
515 3536 547 3593 et
570 3528 632 3594 deo
656 3528 732 3593 data
755 3535 837 3608 sunt,
862 3527 1115 3612 permissumque
1129 3525 1250 3605 amicis,
1273 3531 1308 3588 ut

212 3711 216 3722 Ι
271 3632 331 3717 ipsi
365 3652 490 3715 quoque
525 3633 725 3696 consulerent
755 3632 875 3696 Iovem.
920 3631 1009 3694 Nihil
1042 3629 1179 3714 amplius
1213 3647 1309 3711 quae-

273 3736 394 3800 sierunt
424 3754 528 3817 quam,
564 3757 606 3799 an
635 3742 746 3800 auctor
776 3742 862 3799 esset
896 3734 957 3799 sibi
991 3733 1107 3798 divinis
1135 3731 1308 3797 honoribus

241 3887 244 3896 .
272 3837 398 3903 colendi
422 3857 514 3903 suum
536 3859 655 3921 regem.
701 3839 771 3902 Hoc
795 3858 921 3920 quoque
951 3843 1117 3920 acceptum
1147 3836 1216 3902 fore
1239 3834 1308 3900 Iovi
