2970 4322
251 201 314 264 309,
640 201 670 267 Q.
690 199 798 254 CURTI
817 197 904 252 RUFI

250 405 357 470 dinem
397 425 509 486 rerum,
551 425 631 487 quas
671 405 748 487 egit,
790 405 983 469 intuentibus
1028 403 1157 469 credere
1201 404 1286 484 licet,

250 515 373 573 tantum
416 508 518 574 virum
562 507 639 573 deos
683 507 940 574 accommodasse
984 508 1077 573 rebus
1128 507 1286 588 humanis

250 633 381 695 quarum
404 619 488 678 sorte
512 612 670 698 completa
695 611 759 678 cito
788 619 969 698 repeterent
992 632 1063 677 eum
1086 632 1162 677 suae
1185 611 1287 697 stirpi.

216 713 385 781 7Pr0inde
409 715 560 798 quoniam
582 714 661 780 nihil
683 715 770 780 aliud
793 736 833 780 ex
856 737 893 782 eo
917 723 1062 801 superest
1085 737 1180 799 quam
1203 715 1289 798 quod

248 840 374 903 semper
402 821 443 885 ab
476 819 711 884 immortalitate
745 819 915 902 seducitur,
951 819 1074 905 corpori
1104 821 1290 902 nominique

249 945 342 1007 quam
382 924 518 1010 primum
556 923 640 988 iusta
680 924 850 1007 solvamus,
889 924 977 989 haud
1014 925 1111 1006 obliti,
1151 923 1185 988 in
1226 944 1291 1006 qua

249 1029 334 1109 urbe,
357 1029 439 1094 inter
461 1048 540 1112 quos
571 1028 677 1107 simus,
702 1029 787 1110 quali
818 1029 966 1114 praeside
989 1049 1027 1094 ac
1050 1049 1126 1111 rege
1150 1028 1289 1114 spoliati.

215 1146 232 1196 8
251 1132 466 1198 Tractandum
489 1139 546 1213 est,
575 1132 811 1213 commilitones,
836 1133 1112 1216 cogitandumque,
1137 1139 1172 1196 ut
1194 1133 1291 1197 victo-

249 1238 328 1302 riam
358 1242 481 1321 partam
511 1237 595 1300 inter
624 1236 692 1316 hos,
725 1235 765 1301 de
797 1237 910 1318 quibus
940 1243 1032 1321 parta
1062 1244 1119 1314 est,
1145 1236 1292 1301 obtinere

250 1341 418 1426 possimus.
461 1340 573 1425 Oapite
596 1360 676 1424 opus
700 1347 764 1404 est:
789 1339 903 1405 hocine
925 1361 987 1406 uno
1011 1362 1052 1405 an
1068 1340 1233 1425 pluribus,
1257 1340 1292 1403 in

250 1452 357 1511 vestra
397 1451 554 1531 potestate
594 1451 651 1510 est.
708 1445 793 1510 Illud
831 1445 912 1510 scire
949 1445 1081 1526 debetis,
1121 1444 1293 1509 militarem

216 1551 318 1615 asine
356 1549 436 1614 duce
473 1549 599 1613 turbam
636 1568 751 1633 corpus
789 1568 859 1614 esse
894 1549 961 1615 sine
995 1549 1116 1634 spiritu.
1172 1550 1292 1615 Sextus

250 1655 367 1720 mensis
403 1661 459 1739 est,
493 1675 533 1718 ex
567 1673 630 1736 quo
665 1653 796 1718 Roxane
830 1675 989 1740 praegnas
1024 1661 1081 1720 est.
1127 1653 1291 1740 Optamus,

251 1766 285 1824 ut
318 1779 438 1824 marem
472 1758 624 1822 enitatur:
660 1759 749 1823 cuius
787 1778 920 1842 regnum
955 1758 1004 1824 dis
1039 1759 1293 1844 approbantibus

251 1864 399 1942 futurum,
416 1863 606 1946 quandoque
622 1863 806 1928 adoleverit.
838 1863 969 1929 Interim
984 1885 1004 1928 a
1021 1874 1095 1949 quot
1117 1863 1295 1946 quibusque

201 1979 233 2029 10
251 1968 318 2051 regi
342 1968 456 2048 velitis,
482 1967 660 2032 destinate?
700 1967 789 2032 Haec
812 1966 972 2032 Perdicca.
1010 1969 1091 2031 Tum
1115 1967 1292 2048 Nearchus,
1303 1961 1345 2034 20

251 2071 425 2138 Alexandri
457 2073 551 2138 modo
575 2072 763 2155 sanguinem
785 2093 822 2137 ac
846 2071 977 2158 stirpem
1000 2071 1107 2156 regiae
1130 2070 1293 2137 maiestati

204 2188 234 2237 11
254 2177 433 2258 convenire,
476 2177 635 2241 neminem
679 2177 724 2240 ait
764 2195 858 2261 posse
898 2177 1021 2241 mirari:
1063 2183 1203 2242 ceterum
1241 2198 1293 2242 ex·

253 2281 374 2366 pectari
408 2281 547 2346 nondum
582 2287 684 2346 ortum
717 2301 825 2364 regem
855 2288 895 2362 et,
935 2281 988 2364 qui
1022 2281 1085 2346 iam
1118 2281 1168 2362 sit,
1204 2302 1292 2367 prae-

254 2386 351 2468 teriri,
382 2406 441 2450 neo
476 2385 588 2450 animis
619 2384 829 2450 Macedonum
860 2385 1028 2451 convenire
1066 2407 1126 2451 nec
1159 2386 1294 2470 tempori

254 2511 373 2573 regum.
427 2491 506 2556 Esse
542 2509 559 2554 e
593 2489 726 2555 Barsine
759 2489 858 2554 filium
894 2490 997 2574 regis:
1036 2490 1109 2555 huic
1146 2489 1295 2554 diadema

202 2604 232 2654 12
252 2594 399 2659 dandum.
417 2593 561 2657 -Nulli
577 2594 724 2680 placebat
740 2594 849 2659 oratio.
888 2593 1001 2676 Itaque
1018 2615 1074 2659 suo
1091 2615 1178 2659 more
1194 2594 1294 2659 hastis

252 2706 343 2764 scuta
366 2699 546 2781 quatientes
562 2698 745 2782 obstrepere
768 2699 1024 2782 perseverabant.
1049 2699 1180 2780 Iamque
1195 2719 1295 2784 prope

252 2802 294 2867 ad
323 2802 511 2868 seditionem
540 2809 759 2888 pervenerant,
776 2803 923 2868 Nearcho
953 2802 1151 2888 pervicacius
1181 2809 1292 2868 tuente

207 2921 238 2971 13
258 2903 463 2973 sententiam:
487 2914 555 2972 tum
577 2907 788 2988 Ptolomaeus,
798 2908 918 2991 ‘Digna
940 2927 1070 2993 prorsus
1087 2914 1136 2972 est
1152 2907 1292 2986 suboles,

251 3012 361 3094 inquit,
389 3015 483 3095 ‘quae
517 3012 728 3077 Macedonum
761 3011 894 3097 imperet
927 3013 1024 3096 genti,
1056 3012 1204 3077 Roxanes
1239 3012 1291 3076 vel

252 3116 402 3182 Barsines
435 3115 530 3198 filius,
562 3117 652 3181 cuius
686 3137 799 3182 nomen
835 3136 962 3198 quoque
992 3117 1152 3200 Europam
1186 3114 1293 3180 dicere

204 3231 236 3282 14
254 3219 385 3305 pigebit,
424 3219 543 3286 maiore
583 3241 624 3286 ex
661 3227 751 3304 parte
786 3220 920 3305 captivi!
978 3219 1045 3300 Est,
1085 3240 1140 3285 cur
1177 3219 1295 3284 Persas

251 3325 431 3404 vicerimus,
467 3332 501 3390 ut
536 3325 628 3409 stirpi
662 3345 769 3390 eorum
803 3325 994 3390 serviamus!
1020 3325 1106 3408 quod
1140 3321 1216 3390 iusti
1249 3324 1296 3389 illi

259 3450 352 3513 reges
374 3430 502 3496 Dareus
526 3437 557 3496 et
572 3430 697 3496 Xerxes
721 3436 768 3494 tot
790 3430 912 3494 milium
934 3429 1113 3513 agminibus
1135 3428 1298 3512 tantisque

210 3546 242 3598 15
262 3533 419 3600 classibus
442 3534 635 3616 nequiquam
653 3534 843 3618 petiverunt.
880 3533 951 3598 Mea
971 3533 1128 3599 sententia
1142 3531 1224 3598 haec
1240 3539 1297 3614 est,

260 3645 296 3703 ut
326 3637 402 3704 sede
431 3638 606 3704 Alexandri
640 3638 673 3702 in
703 3639 793 3721 regia
822 3638 938 3721 posita,
969 3637 1022 3721 qui
1053 3636 1195 3703 consiliis
1230 3636 1298 3702 eius

259 3743 503 3824 adhibebantur,
540 3750 663 3822 coeant,
705 3743 853 3824 quotiens
886 3742 918 3806 in
953 3763 1117 3808 commune
1152 3741 1298 3806 consulto

258 3867 337 3930 opus
363 3847 468 3927 suerit,
494 3865 603 3928 eoque,
630 3845 715 3928 quod
744 3845 843 3909 maior
873 3865 948 3929 pars
979 3865 1084 3910 eorum
1112 3844 1297 3924 decreverit,
1355 3869 1356 3874 ¹
