3040 4318
272 231 312 296 78
660 235 691 301 Q.
711 234 820 289 CURTI
837 235 924 290 RUFI

272 435 378 522 campi
400 437 642 522 deprehendere
672 441 877 524 paucitatem,
909 461 1003 523 quam
1028 439 1161 504 Ciliciae
1187 443 1311 503 montes

271 542 515 608 absconderant.
561 543 688 609 Videtis
722 544 851 610 ordines
883 564 982 625 raros,
1018 565 1138 609 cornua
1172 551 1309 624 extenta,

271 646 410 711 mediam
439 647 543 712 aciem
573 669 698 730 vanam,
735 648 939 714 exhaustam:
974 670 1049 712 nam
1083 648 1196 728 ultimi,
1232 667 1311 730 quos

272 751 391 816 locavit
412 771 550 833 aversos,
576 758 668 835 terga
691 752 754 816 iam
769 754 933 838 praebent.
972 753 1093 833 Obteri,
1117 751 1310 832 mehercule,

273 875 427 937 equorum
448 855 578 940 ungulis
601 863 744 941 possunt,
776 856 904 922 etiamsi
925 855 1004 920 nihil
1028 863 1155 941 praeter
1177 856 1312 921 falcatos

223 973 254 1022 15
273 979 384 1024 currus
400 960 545 1025 emisero.
593 961 634 1026 Et
649 961 735 1026 bello
750 961 929 1042 vicerimus
954 961 981 1026 si
1000 961 1156 1026 vincimus
1171 960 1311 1045 proelio:

274 1086 347 1129 nam
366 1085 407 1130 ne
423 1064 486 1130 illis
503 1064 633 1148 quidem
648 1066 689 1130 ad
706 1065 817 1149 fugam
832 1067 922 1132 locus
938 1074 1004 1131 est:
1028 1066 1105 1131 hinc
1121 1066 1310 1151 Euphratae,

224 1180 255 1230 16
273 1167 361 1232 illinc
383 1169 491 1252 Tigris
514 1169 663 1253 prohibet
685 1169 836 1235 inclusos.
882 1171 923 1234 Et
946 1189 1028 1252 quae
1050 1177 1147 1234 antea
1168 1190 1226 1254 pro
1248 1169 1313 1234 illis

274 1281 374 1354 erant,
405 1274 437 1336 in
468 1275 661 1340 contrarium
693 1295 786 1340 versa
820 1283 904 1340 sunt.
949 1263 1103 1340 Nostrum
1133 1275 1249 1341 mobile
1281 1282 1313 1339 et

276 1378 461 1462 expeditum
483 1399 600 1461 agmen
631 1386 689 1460 est,
726 1379 806 1444 illud
828 1379 950 1464 praeda
973 1400 1082 1463 grave.
1128 1379 1313 1464 implicatos

275 1503 352 1565 ergo
376 1483 488 1566 spoliis
510 1483 627 1548 nostris
643 1483 882 1564 trucidabimus,
907 1483 1085 1566 eademque
1100 1504 1152 1549 res
1167 1491 1200 1549 et
1216 1503 1314 1548 causa

225 1597 257 1648 17
276 1587 337 1651 erit
359 1588 513 1652 victoriae
537 1594 568 1653 et
591 1587 724 1655 fruetus.
772 1589 894 1665 Quodsi
925 1609 1020 1671 quem
1042 1610 1060 1654 e
1083 1589 1175 1654 vobis
1198 1609 1312 1654 nomen

276 1693 383 1774 gentis
405 1700 522 1774 movet,
555 1693 683 1775 cogitet,
709 1693 925 1758 Macedonum
948 1693 1012 1758 illic
1034 1715 1123 1758 arma
1144 1713 1226 1774 esse,
1250 1681 1313 1758 non

278 1817 423 1882 corpora.
472 1798 604 1863 Multum
634 1797 718 1862 enim
748 1799 939 1880 sanguinem
972 1797 1109 1862 invicem
1139 1797 1314 1876 hausimus,

226 1913 259 1963 18
278 1911 310 1967 ct
333 1923 461 1989 semper
483 1903 611 1986 gravior
634 1902 665 1965 in
689 1903 850 1983 paucitate
872 1902 995 1967 iactura
1017 1911 1077 1969 est.
1114 1903 1198 1968 Nam
1221 1904 1315 1968 Alex-

276 2007 385 2090 ander,
421 2016 694 2092 quantuscumque
717 2009 844 2091 ignavis
867 2014 899 2072 et
928 2008 1049 2073 timidis
1072 2007 1175 2073 videri
1198 2014 1314 2093 potest,

277 2133 375 2178 unum
397 2115 516 2180 animal
539 2121 588 2178 est
612 2119 652 2194 et,
684 2113 712 2178 si
736 2113 812 2196 quid
839 2113 916 2177 mihi
940 2114 1078 2198 creditis,
1110 2114 1316 2178 temerarium

278 2224 309 2281 et
332 2237 453 2298 vecors,
485 2217 589 2283 adhue
620 2223 727 2282 nostro
756 2237 877 2302 pavore
908 2237 1005 2300 quam
1028 2237 1086 2282 sua
1108 2217 1225 2282 virtute
1249 2215 1316 2280 feli-

229 2331 260 2379 19
281 2320 359 2386 cius.
405 2321 493 2385 Nihil
531 2328 638 2386 autem
676 2329 782 2406 potest
818 2341 891 2387 esse
928 2322 1122 2402 diuturnum,
1165 2321 1217 2386 cui
1253 2341 1316 2384 nou

279 2425 388 2489 subest
404 2423 495 2489 ratio.
534 2425 625 2488 Licet
647 2423 785 2490 felicitas
808 2426 951 2510 aspirare
966 2425 1124 2505 videatur,
1147 2431 1253 2490 tamen
1274 2423 1317 2488 ad

279 2529 424 2594 ultimum
458 2529 631 2593 temeritati
665 2550 728 2593 non
762 2528 889 2594 sufficit.
936 2530 1105 2594 Praeterea
1138 2531 1255 2595 breves
1286 2535 1317 2593 et

279 2635 448 2699 mutabiles
470 2635 557 2700 vices
586 2653 691 2700 rerum
722 2643 803 2716 sunt,
835 2641 867 2700 et
898 2635 1026 2699 fortuna
1049 2654 1219 2716 numquam
1244 2632 1317 2696 sim-

228 2749 261 2798 20
280 2737 405 2821 pliciter
427 2739 583 2822 indulget.
629 2739 778 2804 Forsitan
801 2739 845 2803 ita
868 2737 913 2802 dii
935 2737 1002 2804 fata
1025 2737 1251 2824 ordinaverint,
1283 2744 1318 2800 ut

281 2842 451 2908 Persarum
480 2843 658 2928 imperium,
695 2841 780 2924 quod
810 2841 950 2907 secundo
981 2862 1075 2906 cursu
1104 2863 1162 2926 per
1198 2849 1318 2904 ccxxx

280 2964 381 3010 annos
410 2945 452 3009 ad
482 2965 640 3010 summum
670 2946 838 3029 fastigium
868 2952 1049 3026 evexerant,
1081 2964 1200 3027 magno
1230 2950 1318 3007 motu

281 3057 487 3114 concuterent
518 3051 622 3133 magis
646 3071 741 3133 quam
763 3049 945 3133 affligerent
967 3049 1237 3130 admonerentque
1260 3066 1318 3110 nos

282 3152 464 3236 fragilitatis
497 3153 664 3234 humanae,
704 3154 794 3218 cuius
827 3153 927 3218 nimia
961 3153 994 3216 in
1028 3151 1191 3238 prosperis
1224 3152 1318 3216 rebus

231 3273 262 3320 21
284 3257 403 3322 oblivio
434 3264 491 3323 est.
538 3257 634 3323 Modo
662 3257 793 3323 Graecis
822 3257 905 3321 ultro
943 3257 1062 3322 bellum
1092 3256 1318 3335 inferebamus,

280 3379 365 3424 nunc
387 3361 420 3425 iu
443 3361 574 3427 sedibus
598 3361 716 3427 nostris
739 3361 961 3445 propulsamus
983 3360 1114 3424 illatum.
1159 3359 1321 3423 lactamur

281 3463 418 3528 invicem
451 3465 605 3530 varietate
639 3465 793 3529 fortunae.
839 3463 999 3529 Videlicet
1032 3463 1209 3547 imperium,
1246 3461 1319 3544 quia

229 3589 264 3640 22
282 3575 390 3632 mutuo
424 3567 618 3649 affectamus,
651 3589 714 3632 una
744 3588 824 3651 gens
853 3588 916 3633 non
940 3567 1033 3653 capit
1082 3565 1240 3646 (laterum,
1276 3562 1372 3633 ‹et-55

281 3671 373 3736 iamsi
408 3692 482 3755 spes
504 3693 567 3736 non
606 3672 759 3752 subesset,
799 3671 975 3736 necessitas
1012 3677 1120 3735 tamen
1157 3669 1318 3735 stimulare

283 3775 430 3839 deberet:
467 3775 510 3839 ad
543 3781 687 3840 extrema
719 3783 907 3858 perventum
937 3781 995 3839 cst.
1042 3773 1175 3839 Matrem
1204 3794 1318 3854 meam,

285 3875 364 3941 duas
399 3876 490 3957 filias,
526 3875 649 3941 Ochum
683 3877 715 3940 in
750 3897 840 3961 spem
873 3875 967 3942 huius
1005 3877 1131 3961 imperii
1165 3876 1318 3961 genitum,
