2976 4322
268 225 326 288 114
648 225 679 291 Q.
699 224 807 278 CURTI
825 223 912 278 RUFI

254 424 363 495 ¹omnis
399 428 529 494 humani
566 429 668 495 cultus
709 429 877 495 solitudine
923 427 1090 495 destitutus
1127 427 1297 507 exereitus,

261 533 411 617 quioquid
447 535 601 599 malorum
637 534 766 600 tolerari
803 540 917 618 potest,
964 531 1101 616 pertulit,
1147 532 1298 617 inopiam,

209 650 240 700 13
259 637 369 722 frigus,
397 637 623 719 lassitudinem,
656 638 919 723 desperationem.
965 636 1081 702 Multos
1105 634 1301 701 exanimavit

259 743 347 826 rigor
383 742 526 807 insolitus
563 742 662 808 nivis:
700 741 869 808 multorum
903 740 1025 806 adussit
1058 739 1167 824 pedes,
1205 739 1301 824 pluri-

260 867 382 912 morum
416 846 534 911 oculos.
588 846 764 930 Praecipue
798 845 1013 931 perniciabilis
1046 843 1106 909 fuit
1146 843 1300 927 fatigatis,

261 951 378 1037 quippe
400 951 433 1016 in
455 951 525 1036 ipso
549 952 624 1034 gelu
647 950 827 1016 deficientia
849 971 984 1035 corpora
1000 949 1200 1016 sternebant:
1218 968 1300 1031 quae

262 1075 333 1120 eum
368 1055 489 1120 moveri
523 1054 687 1136 desissent,
718 1055 767 1120 vis
796 1053 925 1138 frigoris
955 1055 1000 1120 ita
1029 1053 1234 1136 astringebat,
1265 1059 1300 1116 ut

211 1170 244 1222 14
261 1179 368 1225 rursus
395 1159 438 1224 ad
467 1158 661 1242 surgendum
691 1159 788 1224 coniti
817 1179 881 1224 non
912 1163 1051 1244 possent.
1097 1155 1300 1222 111111111-

260 1264 386 1329 tonibus
416 1269 579 1348 torpentes
609 1262 837 1343 excitabantur,
872 1282 975 1345 neque
1009 1260 1096 1326 aliud
1126 1259 1300 1326 remedium

210 1377 243 1429 15
262 1375 329 1434 erat
359 1388 454 1450 quam
482 1374 517 1432 ut
546 1366 671 1450 ingredi
701 1374 898 1450 cogerentur.
944 1366 1026 1431 Tum
1056 1365 1193 1446 demum,
1210 1363 1299 1428 vitali

261 1473 366 1537 calore
399 1478 495 1551 moto,
520 1471 667 1536 membris
704 1470 818 1553 aliquis
855 1469 980 1536 redibat
1014 1469 1115 1552 vigor.
1173 1467 1208 1533 si
1245 1467 1299 1549 qui

260 1576 388 1659 tuguria
424 1575 629 1640 barbarorum
667 1573 755 1640 adire
793 1581 970 1660 potuerunt,
1006 1573 1151 1639 celeriter
1187 1571 1299 1638 refecti

261 1687 342 1744 sunt.
390 1678 455 1744 Sed
477 1685 566 1744 tanta
589 1679 694 1761 caligo
717 1685 793 1760 erat,
825 1685 860 1744 ut
882 1677 1028 1743 aedificia
1050 1677 1137 1742 nulla
1160 1676 1224 1741 alia
1246 1695 1298 1741 res

211 1794 243 1844 16
262 1804 356 1866 quam
386 1782 491 1848 fumus
521 1782 712 1848 ostenderet.
757 1781 817 1863 Illi,
836 1802 1008 1864 numquam
1038 1787 1111 1846 ante
1141 1781 1173 1844 in
1209 1779 1301 1845 terris

261 1887 326 1952 suis
360 1886 485 1952 advena
518 1886 597 1968 viso,
621 1906 692 1951 eum
726 1893 865 1952 armatos
899 1892 1031 1970 repente
1071 1884 1300 1968 conspicerent

262 1991 433 2082 exanimati
473 1997 567 2071 metu,
599 1989 749 2073 quicquid
778 1990 810 2054 in
844 1990 978 2074 tuguriis
1005 1996 1082 2071 erat,
1115 1987 1300 2068 afferebant,

212 2106 243 2156 17
261 2102 295 2160 ut
326 2095 509 2180 corporibus
540 2114 649 2160 eorum
680 2101 870 2180 parceretur,
903 2099 1039 2159 orantes.
1094 2093 1163 2158 Rex
1186 2113 1303 2175 agmen

262 2199 447 2264 circumibat
481 2197 589 2283 pedor,
627 2199 768 2264 iacentes
803 2197 958 2281 quosdam
991 2198 1119 2281 erigens
1151 2203 1184 2262 et
1213 2195 1301 2277 alios,

262 2323 334 2368 cum
349 2324 446 2386 aegre
463 2311 679 2385 sequerentur,
697 2303 889 2368 adminiculo
906 2303 1049 2387 corporis
1065 2302 1113 2368 sui
1129 2300 1301 2386 excipiens.

261 2407 354 2470 Nunc
377 2406 419 2471 ad
442 2407 545 2490 prima
568 2407 670 2491 signa,
703 2428 787 2472 nunc
818 2407 851 2472 in
881 2407 995 2488 medic,
1026 2427 1110 2471 nunc
1140 2406 1172 2471 in
1194 2405 1303 2470 ultimo

211 2521 244 2573 11
262 2510 389 2592 agmine
412 2510 533 2576 itineris
556 2511 765 2596 multiplicato
795 2512 904 2577 labore
928 2510 1048 2580 aderat.
1094 2508 1238 2574 Tandem
1261 2507 1304 2573 ad

261 2614 333 2678 loca
356 2615 488 2694 cultiora
499 2622 686 2700 perventum
702 2622 759 2696 est,
776 2622 1017 2698 commeatuque
1034 2616 1124 2698 largo
1140 2619 1302 2680 recreatus

262 2718 437 2783 exercitus:
468 2719 623 2800 simulet,
648 2719 701 2801 qui
732 2719 883 2802 consequi
913 2740 977 2784 non
1008 2724 1163 2803 poterant,
1191 2717 1225 2782 in
1246 2715 1303 2780 illa

263 2829 368 2886 castra
390 2830 555 2888 venerunt.

212 2938 243 2989 19
366 2924 445 2992 Inde
468 2948 584 3010 agmen
606 2927 761 3011 prooessit
784 2926 826 2992 ad
843 2926 1022 2992 Caucasum
1040 2932 1190 3006 montem,
1215 2923 1303 2989 cuius
1317 2918 1357 2990 14

262 3028 390 3094 dorsum
413 3028 523 3096 Asiam
545 3037 698 3116 perpetuo
729 3031 805 3114 iugo
829 3030 958 3096 dividit:
989 3029 1064 3095 hino
1090 3029 1183 3096 simul
1206 3048 1303 3109 mare,

262 3133 347 3215 quod
379 3132 522 3199 Ciliciam
559 3135 643 3200 subit
672 3145 701 3199 61
730 3136 867 3200 rubram
897 3158 1000 3217 mare,
1030 3135 1115 3199 illinc
1155 3131 1305 3218 Caspium

262 3237 377 3302 fretum
414 3244 446 3302 61
482 3259 608 3304 amnem
645 3238 774 3304 Araxen
811 3240 937 3322 aliaque
974 3239 1106 3322 regione
1153 3235 1304 3322 Scythiae

209 3355 243 3406 20
262 3340 388 3406 deserta
410 3347 542 3426 spectat.
590 3342 723 3423 Taurus,
757 3343 921 3409 secundae
948 3341 1176 3426 magnitudinis
1205 3361 1304 3422 mons,

261 3444 464 3509 committitur
495 3443 658 3511 Caucaso:
694 3468 714 3511 a
747 3445 957 3532 Cappadocia
991 3467 1025 3512 se
1055 3447 1205 3511 attollens
1236 3444 1308 3510 Cili·

208 3548 343 3614 21ciam
381 3548 531 3632 praeterit
570 3548 803 3633 Armeniaeque
844 3552 1004 3616 montibus
1041 3550 1189 3634 iungitur.
1252 3549 1305 3614 Sic

263 3651 345 3717 inter
367 3671 401 3717 se
424 3652 501 3735 iuga
522 3653 609 3718 velut
632 3654 713 3719 serie
744 3654 954 3720 cohaerentia
976 3661 1164 3739 perpetuum
1186 3652 1306 3719 habent

264 3755 401 3836 dorsum,
444 3777 485 3821 ex
522 3777 584 3840 quo
622 3757 718 3823 Asiae
757 3759 863 3823 omnia
899 3758 967 3825 fere
1006 3757 1135 3824 flumina
1172 3758 1236 3822 alia
1273 3757 1306 3822 in

264 3860 400 3940 rubrum,
432 3859 497 3924 alia
518 3860 550 3924 in
586 3859 736 3948 Caspium
764 3882 861 3944 mare,
892 3863 956 3928 adia
984 3863 1017 3927 in
1051 3861 1250 3945 Hyrcanium
1272 3867 1304 3926 et
