3040 4318
260 207 303 271 90
647 211 678 276 Q.
698 210 806 265 CURTI
824 210 912 265 RUFI

209 426 241 477 16
259 411 447 497 irrumpunt.
485 412 669 478 Alexander
691 414 812 498 quartis
835 415 949 480 castris
971 413 1014 480 ad
1032 415 1164 480 Mennin
1187 415 1298 480 urbem

259 516 415 600 pervenit.
463 515 609 582 Caverna
632 516 677 582 ibi
700 525 759 600 est,
785 539 825 583 ex
848 537 911 600 qua
933 519 1007 584 fons
1029 519 1195 602 ingentem
1217 517 1299 583 bitu-
1498 587 1505 634 ἱ

259 616 354 685 minis
384 619 450 685 vim
480 619 625 700 effundit,
658 621 740 686 adeo
763 629 799 686 ut
829 622 907 688 satis
938 630 1072 704 constet,
1103 622 1299 707 Babylonios

258 743 366 789 muros
377 723 518 806 ingentis
530 723 636 808 operis
652 724 748 790 huius
764 721 862 791 fontis
878 725 1036 790 bitumino
1047 725 1205 792 interlitos
1218 745 1298 792 esse.

208 844 239 892 17
363 825 513 894 Ceterum
536 827 704 911 Babylona
726 827 911 914 procedenti
934 828 1119 894 Alexandro
1139 830 1297 911 Mazaeus,
1316 831 1337 899 3

260 933 314 1016 qui
349 953 389 996 ex
422 933 492 996 acie
526 932 558 997 in
592 951 663 997 eam
696 933 808 998 urbem
842 933 1040 1017 confugerat,
1077 955 1149 999 cum
1181 934 1302 1001 adultis

262 1036 374 1102 liberis
398 1036 534 1120 supplex
557 1037 705 1117 occurrit,
740 1038 852 1102 urbem
876 1056 975 1119 seque
1005 1037 1136 1104 dedens,
1182 1039 1301 1104 Gratus

262 1140 421 1206 adventus
448 1140 518 1204 eius
547 1139 618 1222 regi
646 1139 716 1220 fuit,
749 1137 869 1226 quippe
899 1141 1008 1224 magni
1038 1142 1145 1226 operis
1175 1142 1300 1208 obsidio

213 1257 245 1308 18
265 1245 374 1310 futura
403 1255 474 1309 orat
503 1253 569 1310 tam
600 1241 754 1310 munitae
772 1245 870 1312 urbis.
916 1245 969 1310 Ad
995 1243 1056 1311 hoc
1089 1246 1139 1314 vir
1168 1245 1301 1312 illustris

264 1358 296 1416 et
330 1370 426 1416 manu
459 1357 626 1435 promptus
661 1349 830 1433 famaeque
867 1350 966 1416 etiam
999 1351 1145 1438 proximo
1178 1351 1300 1437 proelio

264 1454 400 1520 celebris
430 1462 462 1520 et
492 1462 617 1520 ceteros
647 1455 689 1520 ad
719 1453 916 1520 deditionem
946 1475 1005 1522 suo
1036 1455 1226 1521 incitaturus
1249 1476 1302 1521 ex-

263 1559 369 1644 emplo
402 1558 581 1624 videbatur.
634 1557 738 1641 Igitur
771 1558 856 1622 hunc
889 1558 1020 1640 quidem
1055 1559 1195 1642 benigne
1229 1580 1302 1624 cum

213 1664 373 1729 191iberis
407 1663 542 1748 excipit:
578 1669 719 1728 ceterum
754 1663 908 1746 quadrato
942 1663 1080 1748 agmine,
1117 1663 1203 1746 quod
1232 1662 1302 1748 ipsc

264 1767 410 1848 ducebat,
457 1767 545 1832 velut
582 1765 615 1832 in
652 1767 753 1830 aciem
791 1763 883 1847 irent,
929 1766 1055 1848 ingredi
1092 1786 1167 1832 suos
1203 1767 1301 1832 iubet.

264 1872 382 1953 Magna
412 1890 487 1954 pars
516 1869 768 1953 Babyloniorum
798 1870 986 1938 constiterat
1008 1870 1041 1934 in
1063 1869 1173 1951 muris,
1206 1868 1304 1935 avida

265 1972 480 2056 cognoscendi
503 1993 620 2038 novum
642 1992 764 2056 regem,
790 1974 899 2058 plures
922 1973 1049 2038 obviam
1072 1972 1194 2056 egressi
1217 1981 1300 2038 sunt

213 2091 248 2141 2ο
265 2079 353 2143 Inter
376 2096 456 2160 quos
472 2076 696 2162 Bagophanes,
720 2077 804 2142 arcis
828 2084 860 2142 et
883 2077 995 2160 regiae
1010 2077 1168 2163 pecuniae
1184 2084 1301 2159 custos,

265 2204 306 2248 ne
329 2181 435 2249 studio
458 2203 478 2246 a
500 2182 629 2247 Mazaeo
645 2182 834 2264 vinceretur,
857 2189 961 2248 totum
982 2183 1045 2247 iter
1066 2181 1198 2248 floribus
1218 2202 1304 2246 coro

265 2286 380 2370 nisque
408 2293 633 2367 constraverat,
661 2287 824 2369 argenteis
853 2287 1010 2352 altaribus
1040 2294 1175 2371 utroque
1204 2287 1303 2352 latere

266 2390 441 2475 dispositis,
475 2411 558 2473 quae
579 2411 641 2456 non
665 2398 735 2456 ture
766 2390 870 2472 modo,
902 2390 960 2456 sed
982 2391 1129 2456 omnibus
1151 2391 1304 2456 odoribus

214 2509 246 2559 21
267 2494 492 2560 cumulaverat.
539 2495 632 2559 Dona
655 2513 729 2558 eum
758 2495 976 2577 sequebantur
1005 2515 1124 2578 greges
1153 2515 1304 2581 pecorum

226 2673 230 2686 .
268 2617 494 2681 equorumque,
520 2597 630 2663 leones
653 2617 780 2680 quoque
804 2605 835 2663 et
859 2598 1006 2682 pardales
1021 2598 1129 2663 caveis
1144 2597 1304 2683 praefere-

215 2718 249 2767 22
267 2701 392 2766 bantur.
438 2701 525 2783 Magi
549 2700 676 2781 deinde,
694 2721 751 2766 suo
777 2721 865 2766 more
889 2721 1017 2767 carmen
1040 2709 1200 2783 canentes,
1227 2707 1305 2786 post

268 2807 327 2871 hos
358 2803 513 2872 Chaldaei
544 2805 859 2890 Babyloniorumque
888 2827 952 2871 non
982 2813 1074 2871 vates
1107 2805 1211 2887 modo,
1246 2803 1305 2871 sed

268 2909 366 2975 etiam
388 2909 528 2975 artifices
551 2929 624 2974 cum
647 2909 766 2974 fidibus
788 2909 838 2975 sui
862 2909 991 2992 generis
1015 2909 1118 2975 ibant:
1143 2909 1256 2974 laudes
1272 2908 1305 2974 hi

268 3033 382 3096 regum
406 3033 519 3078 canere
543 3013 636 3094 soliti,
670 3011 825 3078 Chaldaei
856 3012 999 3078 siderum
1021 3018 1126 3077 motus
1150 3019 1182 3078 et
1205 3019 1305 3078 statas

213 3123 247 3184 23
266 3117 354 3182 vices
366 3123 545 3200 temporum
559 3115 739 3182 ostendere.
770 3116 904 3199 Equites
917 3113 1033 3182 deiude
1049 3115 1231 3201 Babylonii,
1247 3136 1305 3184 suo

266 3241 485 3306 equorumque
511 3223 599 3288 cultu
622 3223 664 3287 ad
686 3222 846 3287 luxuriam
869 3222 972 3304 magis
1002 3241 1098 3303 quam
1121 3221 1163 3286 ad
1186 3221 1307 3306 magni-

265 3325 425 3391 ficentiam
456 3333 579 3408 exacto,
607 3326 710 3392 ultimi
734 3326 831 3390 ibant.
878 3325 958 3406 Rau,
992 3326 1124 3390 armatis
1157 3325 1306 3410 stipatus,

265 3429 496 3515 oppidanorum
515 3431 641 3496 turbam
656 3437 728 3517 post
748 3429 877 3496 ultimos
896 3429 1022 3515 pedites
1038 3429 1085 3494 ire
1100 3428 1205 3510 iussit,
1236 3429 1308 3514 ipse

268 3553 341 3598 cum
372 3553 466 3599 curru
489 3535 600 3600 urbem
623 3556 662 3599 ac
693 3534 810 3600 deinde
833 3534 956 3616 regiam
986 3534 1128 3599 intravit.
1173 3533 1307 3599 Postero

272 3636 325 3702 die
349 3638 582 3723 supellectilem
598 3638 696 3704 Darei
720 3646 752 3704 et
775 3659 901 3704 omnem
923 3639 1094 3723 pecuniam
1108 3637 1307 3722 recognovit

218 3757 253 3806 24
375 3740 524 3808 Ceterum
568 3743 668 3827 ipsius
708 3743 794 3808 urbis
839 3741 1045 3828 pulchritudo
1082 3763 1127 3808 ao.
1165 3736 1345 3809 vetustasl

271 3864 334 3908 non
364 3844 452 3928 regis
481 3844 584 3925 modo,
617 3844 676 3911 sed
706 3845 803 3910 etiam
832 3845 973 3928 omnium
1003 3845 1113 3912 oculos
1144 3847 1177 3911 in
1206 3849 1308 3911 semet
