2976 4322
174 196 177 201 '
243 197 305 261 238
624 195 663 281 ¹Q.
684 194 792 248 CURTI
810 193 898 249 RUFI
1024 189 1026 198 ’

244 401 437 481 Alexandro,
461 401 568 486 plures
591 399 798 486 agricultores
829 399 962 466 haberet
992 421 1033 465 an
1055 401 1183 482 milites,
1209 421 1281 465 cum

244 506 367 572 duobus
404 505 532 589 regibus
565 503 697 570 bellanti
739 504 800 570 sibi
841 505 961 569 maiore
1006 504 1142 570 militum
1185 525 1282 588 quam

194 623 226 673 13
244 610 416 694 agrestium
437 629 532 674 manu
555 627 634 693 opus
658 626 729 674 esse
751 608 925 694 respondit.
950 609 1103 675 Abisares
1126 615 1158 675 et
1180 610 1283 673 Porus

245 721 344 795 crant,
368 712 426 778 sed
451 713 483 776 in
506 715 589 778 Poro
619 711 778 778 eminebat
807 713 989 778 auctoritas.
1034 713 1177 796 Uterque
1200 713 1285 776 ultra

245 818 422 904 Hydaspen
447 837 571 882 amnem
601 815 756 900 regnabat
778 823 810 882 et
841 815 915 882 belli
945 817 1115 888 fortunam,
1140 815 1285 900 quisquis

194 935 227 986 14
245 943 333 988 arma
358 921 496 1003 inferret,
520 921 657 1005 experiri
687 919 880 988 decreverat.
926 921 1059 1006 Omphis
1082 921 1285 1006 permittente

245 1024 429 1092 Alexandro
453 1033 484 1092 et
516 1025 638 1109 regium
671 1024 797 1108 insigne
832 1025 968 1110 sumpsit
1002 1031 1035 1090 et
1062 1046 1148 1092 more
1182 1024 1286 1108 gentis

247 1151 323 1198 suae
352 1150 478 1211 nornen,
502 1128 588 1212 quod
621 1129 719 1214 patris
753 1129 873 1194 fuerat:
906 1130 1043 1194 Taxilen
1078 1129 1286 1214 appellavere

246 1235 427 1321 populares,
447 1225 598 1317 sequente
628 1234 755 1298 nominc
784 1233 959 1318 imperium,
990 1233 1022 1299 in
1054 1253 1287 1317 quemeumque

198 1351 230 1402 15
248 1339 405 1405 transiret.
429 1339 534 1422 Igitur
547 1357 617 1402 cum
629 1335 836 1423 pertriduum
852 1338 1051 1423 hospitaliter
1069 1337 1289 1404 Alexandrum

249 1443 435 1529 accepisset,
459 1449 570 1526 quarto
593 1442 645 1507 die
669 1448 710 1523 ct,
735 1449 887 1524 quantum
903 1441 1051 1507 frumenti
1074 1442 1186 1526 copiis,
1210 1461 1289 1523 quas

249 1547 468 1632 Hephaestion
494 1546 638 1626 duxerat,
668 1545 846 1630 praebitum
869 1568 889 1610 a
912 1565 947 1612 se
977 1553 1070 1627 esset,
1095 1544 1236 1611 ostendit
1259 1552 1291 1610 et

250 1672 364 1716 aureas
391 1669 523 1716 coronas
556 1649 618 1734 ipsi
652 1650 827 1733 amicisque
861 1650 1017 1731 omnibus,
1053 1657 1181 1735 praeter
1210 1649 1291 1715 haec

201 1768 232 1818 16
251 1755 369 1838 signati
384 1754 508 1838 argenti
531 1764 629 1817 LXXX
643 1753 763 1820 talenta
783 1754 867 1820 dono
884 1754 981 1819 dedit.
1007 1752 1078 1830 Qua
1092 1753 1291 1838 benignitate

250 1860 318 1924 eius
341 1857 525 1925 Alexander
546 1857 624 1924 mire
650 1857 754 1923 laetus
777 1865 819 1939 ot,
844 1879 924 1941 quae
947 1859 974 1924 is
1005 1858 1148 1939 dederat,
1171 1855 1293 1924 remisit
1480 1919 1481 1936 ,

250 1971 282 2029 et
304 1963 392 2028 mille
414 1961 534 2028 talenta
557 1983 596 2028 ex
619 1961 747 2046 praeda,
772 1982 867 2044 quam
890 1962 1037 2044 vehebat,
1058 1962 1186 2043 adiecit,
1210 1962 1289 2026 mul·

249 2075 347 2150 taque
370 2065 550 2132 convivalia
582 2086 621 2131 ex
655 2086 731 2130 auro
767 2071 798 2131 et
832 2073 965 2148 argento
998 2086 1087 2148 vasa,
1121 2065 1294 2151 plurimum

250 2172 398 2237 Persicae
413 2170 523 2252 vestis,
549 2179 623 2234 XXX
645 2190 746 2253 equos
762 2191 802 2236 ex
818 2170 883 2236 suis
900 2190 972 2236 cum
986 2170 1089 2237 isdem
1104 2169 1295 2254 insignibus,
1480 2235 1481 2252 ,

202 2289 234 2339 17
254 2275 323 2359 quis
350 2281 565 2354 assueverant,
590 2295 662 2339 eum
683 2272 789 2358 ipsum
813 2274 974 2341 veherent.
1000 2275 1090 2352 Quae
1113 2273 1295 2340 liberalitas
1480 2263 1481 2340 l

252 2380 333 2445 sicut
346 2378 516 2444 barbarum
535 2377 756 2456 obstrinxerat,
772 2378 818 2444 ita
832 2379 952 2444 amicos
971 2379 1071 2463 ipsius
1087 2378 1296 2445 vehementer
1480 2367 1481 2442 l

253 2482 394 2548 offendit.
423 2484 449 2546 Ε
473 2482 587 2564 quibus
611 2481 774 2566 Meleager
801 2501 903 2567 super¹
919 2503 1039 2562 cenam,
1059 2483 1198 2566 largiore
1220 2481 1297 2548 vino

253 2607 338 2669 usus,
353 2586 506 2671 gratulari
531 2606 567 2651 se
586 2585 768 2654 Alexandro
789 2586 878 2667 dixit,
901 2587 987 2670 quod
1010 2586 1124 2652 saltem
1145 2586 1179 2652 in
1202 2585 1298 2650 India
1480 2601 1481 2670 l

205 2703 237 2755 18
255 2691 449 2778 repperisset
475 2690 609 2773 dignum
642 2690 773 2757 talentis
805 2690 902 2758 mille.
948 2692 1025 2773 Rex,
1051 2691 1138 2756 haud
1168 2690 1295 2771 oblitus,
1480 2691 1481 2724 l

256 2816 352 2879 quam
378 2816 473 2880 aegre
508 2795 641 2874 tulisset,
667 2794 753 2878 quod
788 2795 905 2860 Clitum
935 2796 976 2860 ob
1010 2795 1139 2878 linguae
1172 2794 1296 2861 temeri-

256 2907 356 2965 tatem
378 2895 556 2980 occidisset,
579 2899 659 2964 iram
683 2898 811 2981 quidem
838 2899 948 2980 tenuit,
973 2898 1031 2964 sed
1057 2899 1137 2964 dixit
1170 2897 1295 2963 invidos

257 3003 401 3070 homines
425 3002 503 3068 nihil
526 3002 615 3067 aliud
639 3023 734 3086 quam
756 3003 896 3088 ipsorum
920 3023 990 3070 esse
1014 3010 1179 3068 tormenta.

701 3195 766 3250 om.
785 3196 857 3250 XIII.

226 3331 238 3379 1
362 3315 494 3381 Postero
518 3315 570 3380 die
593 3315 693 3398 legati
716 3315 871 3382 Abisarae
894 3316 1002 3381 adiere
1025 3337 1142 3400 regem.
1182 3314 1352 3388 Omniacld

260 3420 377 3485 dicioni
408 3420 485 3502 eius,
509 3420 555 3486 ita
576 3427 611 3484 ut
640 3421 825 3486 mandatum
848 3429 923 3502 erat,
946 3421 1170 3506 permittebant
1196 3419 1299 3486 firma-

225 3538 241 3587 a
259 3532 354 3608 taque
372 3524 509 3590 invicem
530 3523 592 3588 fide
611 3523 810 3590 remittuntur
833 3525 875 3590 ad
893 3546 1013 3608 regem.
1037 3527 1154 3590 Porum
1172 3544 1297 3608 quoquc
1422 3551 1426 3561 ¹

258 3628 394 3693 nominis
417 3627 467 3692 sui
500 3627 587 3692 fama
609 3635 696 3693 ratus
731 3628 773 3692 ad
796 3628 991 3694 deditionem
1014 3649 1108 3712 posse
1139 3628 1295 3713 compelli,

259 3732 345 3797 misit
367 3731 504 3797 adeum
527 3731 732 3813 Cleocharen,
757 3732 811 3814 qui
834 3732 1033 3798 denuntiaret
1060 3733 1099 3813 ei,
1122 3739 1158 3797 ut
1180 3732 1296 3816 stipen-

262 3835 349 3900 dium
371 3833 523 3919 penderet
546 3841 577 3900 et
599 3834 632 3898 in
654 3835 756 3918 primo
783 3855 910 3900 suorum
940 3835 1049 3900 finium
1078 3835 1167 3900 aditu
1189 3854 1296 3900 occur·
1480 3837 1481 3876 l
