2970 4322
416 188 670 246 HISTORIARUM
689 191 904 247 ALEXANDRI
922 195 947 246 X
967 198 989 247 1.
1158 197 1221 262 283

181 411 280 458 caesa
306 392 504 478 devectaque
530 397 572 462 ad
599 397 710 462 urbem
733 399 847 482 Syriae
874 399 1079 485 Thapsacum
1105 402 1221 487 septin-

179 503 348 578 gentarum
371 499 495 565 carinas
518 500 647 568 navium
669 521 804 587 ponere:
829 503 1008 588 septiremis
1025 525 1134 572 omnes
1150 526 1221 572 2222

180 599 360 685 deducique
383 604 558 688 Babylona.
597 605 787 690 Cypriorum
809 607 939 691 regibus
961 607 1163 693 imperatum,
1186 617 1222 675 ut

180 726 238 772 aes
261 713 474 792 stuppamque
498 715 530 776 et
558 711 632 774 vela
654 710 852 796 praeberent.
896 713 986 778 Haec
1016 714 1124 798 agenti
1146 714 1222 778 Pori
1240 729 1273 781 2ο

180 818 213 876 et
243 811 365 878 Taxilis
399 832 512 895 regum
541 813 666 880 litterae
699 815 875 896 traduntur,
909 817 1067 884 Abisaren
1100 819 1219 900 morbo,

179 915 373 1002 Philippum,
386 918 583 1003 praefectum
599 919 708 1004 ipsius,
722 941 762 984 ex
777 921 910 987 vulnere
925 922 1082 1002 interisse,
1094 943 1221 1008 oppres-

181 1040 309 1104 sosque,
333 1022 388 1104 qui
407 1023 628 1090 vulnerassent
650 1045 733 1090 eum.
769 1026 872 1109 Igitur
887 1025 1035 1112 Philippo
1058 1027 1221 1092 substituit
1239 1044 1271 1094 21

180 1124 419 1192 Eudaemonem
436 1163 476 1176 -
493 1127 560 1194 dux
580 1135 648 1194 erat
674 1129 834 1196 Thracum
853 1169 887 1178 -
915 1131 1057 1197 Abisaris
1087 1152 1221 1215 regnum

179 1227 245 1294 filio
269 1229 337 1296 eius
360 1231 513 1298 attribuit.

147 1327 172 1399 4
288 1335 426 1403 Ventum
456 1343 505 1402 est
535 1336 650 1402 deinde
673 1338 873 1421 Parsagada:
904 1340 1035 1404 Persica
1057 1346 1105 1405 est
1130 1360 1220 1424 gens,
1239 1355 1272 1404 22

180 1439 270 1506 cuius
301 1445 444 1526 satrapes
467 1439 596 1507 Orsines
619 1449 696 1523 erat,
729 1442 897 1508 nobilitate
927 1464 966 1509 ac
989 1443 1108 1508 divitiis
1137 1444 1222 1510 inter

181 1564 291 1610 omnes
313 1545 468 1610 barbaros
491 1546 642 1612 eminens.
681 1547 788 1612 Genus
812 1547 948 1612 ducebat
971 1547 1100 1632 adpre,
1125 1568 1221 1630 quon·
1238 1561 1273 1612 23

181 1646 256 1713 dam
271 1669 346 1732 rege
361 1649 546 1714 Persarum:
568 1669 645 1735 opes
661 1654 694 1714 et
709 1671 728 1714 a
744 1649 916 1716 maioribus
933 1651 1065 1716 traditas
1081 1649 1222 1717 habebat

180 1758 214 1816 et
236 1752 307 1838 ipse
330 1753 427 1836 longa
449 1752 575 1838 imperii
600 1753 803 1838 possessione
826 1754 1050 1820 cumulaverat.
1097 1756 1130 1820 Is
1152 1755 1220 1838 regi
1239 1771 1273 1820 24

181 1877 253 1921 cum
277 1857 378 1922 omnis
401 1858 526 1940 genens
550 1857 652 1938 donis,
675 1877 739 1922 non
761 1857 824 1942 ipsi
847 1858 942 1923 modo
966 1878 1014 1940 22,
1045 1857 1103 1923 sed
1126 1858 1221 1924 etiam

179 1961 292 2026 amicis
322 1961 390 2026 eius
421 1961 561 2042 daturus,
592 1963 736 2027 occurrit.
782 1963 942 2044 Equorum
966 1961 1076 2027 domiti
1105 1982 1221 2046 greges

181 2067 396 2148 sequebantur
412 2085 586 2148 currusque
601 2072 732 2148 argento
756 2072 788 2131 et
810 2085 888 2131 auro
904 2065 1057 2146 adornati,
1081 2065 1222 2150 pretiosa

180 2169 327 2254 supellex
350 2177 382 2235 et
403 2169 526 2236 nobiles
549 2189 706 2252 gemmae,
729 2189 828 2236 aurea
849 2171 956 2252 magni
978 2169 1127 2255 ponderis
1142 2190 1221 2236 vasa

179 2274 342 2358 vestisque
364 2293 525 2359 purpurea
548 2281 579 2338 et
602 2273 718 2356 signati
741 2273 864 2356 argenti
886 2273 1041 2338 talentum
1063 2273 1219 2339 111milia.

181 2376 329 2443 Ceterum
367 2385 454 2444 tanta
487 2378 667 2462 benignitas
706 2378 839 2442 barbaro
874 2397 971 2442 causa
1003 2377 1112 2442 mortis
1150 2377 1218 2442 fuit.
1239 2395 1272 2445 25

180 2479 265 2546 Nam
282 2501 353 2546 cum
376 2502 485 2548 omnes
508 2482 628 2548 amicos
651 2482 734 2566 regis
758 2481 850 2546 donis
874 2501 969 2566 super
991 2481 1132 2566 ipsorum
1147 2489 1221 2547 vota

181 2585 341 2668 coluisset,
365 2587 493 2670 Bagoae
510 2586 655 2670 spadoni,
680 2586 733 2669 qui
749 2585 964 2650 Alexandrum
984 2585 1137 2668 obsequio
1157 2606 1221 2652 cor-

181 2690 267 2773 poris
291 2689 479 2756 devinxerat
502 2690 573 2770 sibi,
595 2685 719 2754 nullum
741 2688 894 2754 honorem
917 2690 1047 2754 habuit:
1082 2689 1221 2754 admoui·
1238 2707 1272 2758 26

180 2801 295 2877 tusque
325 2816 344 2858 a
375 2793 573 2876 quibusdam,
603 2813 704 2876 aeque
727 2793 910 2859 Alexandro
941 2794 1029 2859 cordi
1060 2813 1139 2874 2222,
1173 2815 1219 2859 re·

181 2897 309 2982 spondit
331 2898 452 2962 amicos
467 2898 561 2980 regis,
577 2918 643 2962 222
658 2904 763 2962 scorta
778 2919 813 2964 22
829 2899 943 2978 colere,
961 2919 1020 2964 nec
1037 2898 1133 2963 moris
1150 2917 1220 2963 esse

180 3001 296 3082 Persis,
331 3022 435 3067 mares
466 3002 590 3082 ducere,
626 3002 679 3084 qui
709 3009 818 3087 stupro
848 3002 1114 3068 effeminarentur.
1160 3001 1219 3066 His
1238 3020 1271 3070 27

179 3105 297 3171 auditis
327 3105 428 3190 spado
463 3107 638 3192 potentiam
661 3105 781 3189 flagitio
805 3113 836 3172 et
859 3105 1014 3172 dedecore
1044 3105 1220 3188 quaesitam

179 3209 212 3273 in
229 3217 325 3295 caput
340 3210 528 3276 nobilissimi
552 3216 583 3276 et
606 3209 739 3275 insontis
756 3211 906 3276 exercuit
946 3210 1093 3292 Namque
1115 3209 1219 3292 gentis

180 3314 322 3380 eiusdem
352 3313 529 3380 levissimos
560 3313 649 3378 falsis
673 3313 855 3379 criminibus
886 3313 1009 3394 struxit,
1040 3311 1220 3378 admonitos

178 3423 246 3482 tum
279 3419 406 3483 demum
437 3438 476 3483 ea
510 3417 644 3498 deferre,
679 3439 751 3482 cum
784 3417 854 3501 ipse
887 3416 1041 3482 iussisset.
1088 3414 1219 3480 Interim
1238 3427 1272 3476 22

180 3522 326 3603 quotiens
341 3523 409 3587 sine
424 3521 550 3588 arbitris
573 3528 650 3602 erat,
671 3520 816 3586 credulas
838 3521 923 3604 regis
946 3539 1038 3586 aures
1057 3518 1219 3603 implebat,
1305 3583 1308 3588 .

180 3625 384 3691 dissimulans
408 3646 538 3692 causam
560 3626 636 3706 irae,
664 3645 726 3707 quo
748 3625 877 3708 gravior
899 3623 1094 3690 criminantis
1116 3629 1220 3687 aucto-

178 3729 255 3794 ritas
280 3737 373 3796 esset.
411 3731 562 3795 Nondum
584 3736 750 3814 suspectus
774 3737 841 3796 erat
864 3728 1003 3808 Orsines,
1026 3727 1271 3791 1221222229

180 3831 283 3899 vilior.
326 3833 411 3899 Reus
435 3833 519 3900 enim
542 3833 575 3897 in
599 3839 721 3898 secreto
744 3832 912 3916 agebatur,
935 3829 1065 3896 latentis
1087 3828 1220 3915 periculi
