2976 4322
276 159 337 224 196
666 158 696 224 Q.
717 157 825 212 CURTI
842 155 931 211 RUFI

224 377 256 428 15
275 366 442 451 quieturas
471 362 618 429 substitit.
663 362 868 428 Transierant
896 362 961 426 iam
990 360 1096 426 Liberi
1119 360 1222 426 Patris
1251 367 1316 425 ter-

273 470 384 550 minos,
420 489 550 551 quorum
572 473 776 532 monumenta
804 465 927 550 lapides
957 471 1047 530 erant
1077 465 1187 546 crebri,
1218 465 1317 530 inter-

273 573 365 640 vallis
404 573 557 658 dispositi,
584 571 776 654 arboresque
813 588 973 655 procerae,
1020 591 1151 653 quarum
1188 571 1315 655 stipites

223 689 255 739 16
274 678 394 745 hedera
417 684 609 744 contexerat.
649 675 714 742 Sed
729 675 922 741 Macedonas
944 675 992 740 ira
1006 675 1132 759 longius
1147 677 1314 760 provexit:

274 785 390 869 quippe
412 783 519 848 media
540 782 608 848 fere
630 787 723 846 nocte
738 780 771 845 in
787 787 891 845 castra
906 779 1075 860 redierunt,
1098 780 1203 845 multis
1219 781 1316 844 inter-

273 889 375 969 fectis,
410 887 552 973 pluribus
587 885 705 972 captis:
741 905 901 967 equosque
930 891 1016 950 Met
1044 894 1136 949 1)ch
1160 885 1312 967 abegere.

273 992 462 1058 Ceciderunt
477 998 583 1057 autem
598 987 809 1055 Macedonum
825 989 947 1071 equites
968 999 1025 1071 LX,
1050 988 1173 1074 pedites
1193 998 1213 1052 c
1232 987 1312 1070 fere,

272 1097 357 1161 mille
380 1097 479 1162 saucii
501 1095 635 1160 fuerunt.
1099 1120 1101 1126 ¹

222 1207 254 1258 17
376 1201 466 1266 Haec
489 1199 649 1285 expeditio
673 1198 871 1265 deficientem
893 1219 1012 1281 magna
1034 1219 1075 1263 ex
1090 1205 1179 1282 parte
1196 1196 1309 1262 Asiam
1321 1191 1365 1264 38

272 1305 359 1370 fama
387 1311 453 1370 tam
483 1311 679 1389 opportunae
708 1303 860 1369 victoriae
890 1302 1019 1368 domuit.
1065 1303 1206 1368 Invictos
1231 1302 1311 1386 Sey·

271 1409 344 1474 thas
378 1429 448 1475 esse
483 1407 698 1474 crediderant:
737 1409 850 1491 quibus
883 1407 994 1472 fractis
1027 1408 1147 1472 nullam
1179 1413 1311 1490 gentem

272 1512 483 1578 Macedonum
519 1513 614 1577 armis
651 1533 760 1597 parem
797 1512 866 1577 fore
904 1510 1141 1576 confitebantur.
1196 1511 1310 1592 Itaque

275 1617 376 1681 Sacae
399 1617 512 1681 misere
535 1617 668 1699 legatos,
692 1616 746 1698 qui
769 1615 991 1700 pollicerentur
1010 1621 1139 1698 gentem
1153 1614 1311 1699 imperata

222 1725 254 1776 18
272 1721 437 1786 facturam.
484 1719 626 1786 Moverat
656 1740 711 1785 eos
741 1721 826 1804 regis
856 1742 919 1785 non
949 1719 1049 1785 virtus
1080 1720 1183 1803 magis
1214 1741 1311 1802 quam

273 1825 440 1890 clementia
469 1825 501 1888 in
532 1824 673 1890 devictos
698 1824 853 1908 Scythas:
885 1825 1001 1910 quippe
1032 1825 1176 1910 captivos
1199 1845 1309 1888 omnes

272 1931 340 1995 sine
362 1929 464 2015 pretio
486 1929 658 2010 remiserat,
681 1935 716 1994 ut
737 1929 832 1993 fidem
854 1929 975 1994 faceret
1001 1928 1061 1993 sibi
1087 1949 1158 1994 cum
1180 1928 1310 1992 ferocis-

272 2034 359 2099 simis
382 2033 524 2117 gcntium
547 2032 586 2098 de
609 2032 801 2113 fortitudine,
825 2054 888 2098 non
904 2033 944 2098 de
959 2033 1007 2098 ira
1021 2032 1120 2098 fuisse
1136 2039 1307 2098 certamen.

222 2141 254 2192 19
272 2138 416 2222 Benigne
439 2137 535 2220 igitur
558 2137 700 2220 exceptis
725 2136 877 2202 Sacarum
908 2136 1023 2220 legatis
1054 2136 1201 2201 comitem
1224 2135 1310 2221 Elpi-

272 2243 366 2306 nicon
390 2240 485 2322 dedit,
510 2239 614 2305 adhuc
631 2239 801 2304 admodum
819 2241 975 2321 iuvenem,
999 2241 1113 2306 aetatis
1136 2239 1214 2304 flore
1237 2261 1310 2304 oon-

272 2346 411 2410 ciliatum
434 2345 502 2426 sibi,
527 2345 579 2427 qui
602 2366 673 2410 oum
696 2345 802 2428 specie
826 2345 965 2428 corporis
988 2351 1139 2427 aequaret
1161 2343 1309 2429 Hephae-

202 2454 254 2516 ,20
272 2451 413 2531 stionem,
445 2450 475 2514 ei
497 2451 604 2534 lepore
628 2449 714 2514 haud
737 2470 813 2514 sane
837 2449 919 2514 virili
941 2470 1000 2534 par
1022 2469 1086 2513 non
1109 2456 1185 2514 erat.
1232 2450 1307 2534 Ipse

271 2554 400 2619 Cratero
424 2575 496 2619 oum
524 2555 643 2619 maiore
672 2561 762 2639 parte
793 2554 951 2618 exercitus
981 2553 1113 2618 modicis
1143 2553 1307 2619 itineribus

271 2658 360 2740 sequi
392 2658 478 2723 iusso
511 2657 554 2722 ad
587 2657 782 2722 Maracanda
815 2658 925 2722 urbem
964 2659 1132 2741 contendit,
1170 2679 1211 2723 ex
1245 2678 1307 2741 qua

272 2761 471 2845 Spitamenes
494 2769 654 2846 comperto
689 2763 755 2827 eius
789 2761 929 2828 adventu
962 2763 1079 2828 Bactra
1111 2761 1305 2847 perfugerat.

220 2874 251 2923 21
272 2867 384 2947 Itaque
408 2865 583 2948 quadriduo
605 2887 662 2930 rex
692 2867 822 2949 longum
851 2867 971 2931 itineris
1002 2867 1138 2951 spatium
1161 2888 1307 2932 emensus

269 2975 457 3053 pervenerat
479 2969 511 3032 in
535 2989 606 3033 eum
636 2969 748 3050 locum,
779 2969 813 3032 in
843 2989 904 3052 quo
928 2968 1116 3034 Menedemo
1140 2968 1221 3035 duce
1245 2970 1306 3034 duo

270 3071 357 3136 milia
390 3071 532 3156 peditum
561 3079 593 3136 et
618 3083 683 3137 000
709 3072 830 3153 equites
864 3073 1021 3138 amiserat.
1079 3074 1200 3138 Horum
1234 3095 1307 3140 ossa

219 3185 253 3234 22
270 3176 389 3239 tumulo
413 3175 540 3259 contegi
561 3175 652 3240 iussit
674 3183 705 3240 et
728 3176 858 3241 inferias
876 3198 963 3242 more
979 3177 1081 3262 patrio
1105 3177 1202 3242 dedit.
1238 3180 1307 3243 Iam

271 3279 427 3360 Craterus,
448 3300 520 3344 cum
545 3278 705 3363 phalange
729 3280 878 3362 subsequi
907 3280 1020 3363 iussus,
1040 3281 1083 3346 ad
1104 3302 1216 3365 regem
1239 3304 1307 3368 per·

139 3429 143 3434 -
270 3389 409 3448 venerat.
455 3384 567 3465 Itaque
590 3389 624 3446 ut
647 3402 764 3463 omnes,
789 3383 842 3464 qui
865 3382 1058 3466 defecerant,
1090 3386 1208 3469 pariter
1231 3386 1306 3451 belli

270 3486 361 3552 clade
384 3493 608 3571 premerentur,
640 3487 748 3570 copias
772 3485 885 3551 dividit
907 3487 1017 3570 urique
1040 3509 1135 3572 agros
1159 3497 1191 3555 61
1213 3490 1306 3554 inter·

268 3590 320 3654 fici
341 3590 477 3674 puberes
499 3589 595 3654 iubet.
