3040 4318
301 203 342 266 70
687 201 717 268 Q.
738 200 845 255 CURTI
863 201 951 256 RUFI

299 406 437 486 accolae,
462 406 590 471 nomina
613 406 719 473 verius
743 427 838 489 quam
860 407 987 488 auxilia,
1012 413 1085 491 post
1107 427 1218 474 currus
1234 415 1335 474 erant.

249 528 281 578 10
300 510 514 576 Claudebatur
550 511 612 578 hoc
648 533 764 596 agmen
801 513 872 578 aliis
909 513 1034 578 falcatis
1073 514 1225 594 curribus,
1265 514 1335 597 quis

299 616 501 700 peregrinum
534 617 666 682 militem
699 617 895 684 adiunxerat.
942 618 1036 682 Hunc
1068 617 1219 699 Armenii,
1255 639 1335 700 quos

298 721 436 786 minores
471 721 643 806 appellant,
680 721 849 788 Armenios
879 723 1059 807 Babylonii,
1094 730 1245 806 utrosque
1275 724 1334 788 Bc·

298 824 375 889 litae
398 831 429 889 11
453 825 507 908 qui
530 831 655 890 montes
675 824 884 891 Cossaeorum
906 827 1088 891 incolebant
1111 827 1333 910 sequebantur.

248 946 278 995 11
298 929 375 994 Post
397 929 455 994 hos
479 930 567 995 ibant
583 928 729 1012 Gortuae,
754 931 860 1013 gentis
883 931 1010 1014 quidem
1026 930 1197 1010 Euboicae,
1222 931 1334 997 Medos

299 1031 459 1115 quondam
494 1033 604 1114 secuti,
643 1035 701 1101 sed
737 1035 800 1099 iam
834 1034 1012 1118 degeneres
1047 1043 1079 1100 et
1112 1035 1205 1120 patrii
1238 1036 1334 1100 moris

297 1136 411 1220 ignari.
466 1136 673 1222 Applicuerat
707 1137 758 1204 his
792 1139 938 1222 Phrygas
973 1146 1005 1205 et
1038 1139 1206 1205 Cataonas.
1260 1139 1335 1203 Par·

297 1241 487 1325 thyaeorum
511 1241 628 1307 deinde
651 1263 739 1325 gens,
771 1243 976 1308 incolentium
1006 1250 1116 1326 terras,
1148 1263 1227 1327 quas
1250 1265 1334 1309 nunc

281 1345 558 1430 ΙΡ11111181111111
580 1346 715 1430 profecti
737 1355 854 1428 tenent,
880 1347 1068 1413 claudebant
1082 1369 1207 1432 agmen.
1245 1348 1334 1412 Haeo

248 1473 279 1522 12
296 1449 418 1528 sinistri
455 1467 569 1514 cornus
606 1447 705 1514 facies
743 1448 811 1514 fuit.
865 1450 1023 1515 Dextrum
1060 1452 1211 1516 tenebant
1247 1451 1333 1516 natio

297 1551 425 1620 maioris
448 1551 616 1617 Armeniae
640 1552 833 1636 Cadusiique
856 1562 888 1618 11
912 1553 1119 1639 Cappadoces
1142 1562 1174 1620 et
1198 1555 1334 1639 Syriae

247 1681 279 1730 13
298 1655 394 1720 Medi.
431 1655 490 1719 His
513 1677 638 1738 quoque
661 1657 770 1721 falcati
793 1678 902 1722 currus
921 1666 1055 1723 Lerant.
1091 1658 1222 1723 Summa
1237 1659 1333 1724 totius

221 1761 226 1774 ’
300 1763 467 1844 exercitus,
498 1763 621 1845 equites
645 1772 718 1826 XLV
744 1763 841 1846 milia,
872 1763 1031 1848 pedestris
1061 1764 1148 1829 acies
1171 1774 1218 1828 Do
1246 1764 1333 1828 milia

300 1871 492 1954 expleverat.
550 1866 621 1932 Hoc
658 1867 752 1932 modo
790 1868 935 1933 instructi
963 1878 988 1931 X
1015 1868 1119 1934 stadia
1156 1869 1334 1955 procedunt

298 1974 439 2056 iussique
462 1969 636 2036 subsistere
658 1971 771 2036 armati
794 1972 918 2038 hostem
941 1974 1162 2059 expectabant.

244 2101 276 2151 14
398 2075 574 2142 Alexandri
597 2076 771 2141 exercitum
793 2096 902 2161 pavor,
934 2078 1023 2142 ouius
1054 2097 1151 2143 causa
1173 2099 1235 2144 non
1259 2079 1329 2143 sub·
1341 2079 1386 2150 46

295 2188 370 2262 erat,
417 2180 549 2246 invasit:
596 2180 715 2264 quippe
752 2179 909 2265 lymphati
942 2181 1101 2266 trepidare
1147 2189 1328 2266 coeperunt,

295 2285 433 2351 omnium
449 2291 576 2369 pectora
593 2283 717 2348 occulto
740 2290 826 2350 metu
849 2292 1061 2369 percurrente.
1102 2285 1191 2351 Caeli
1213 2286 1329 2369 fulgor,

294 2400 437 2473 tempore
466 2387 589 2452 aestivo
619 2385 744 2451 ardenti
774 2387 886 2454 similis
909 2389 1107 2470 internitens,
1137 2389 1221 2472 ignis
1245 2409 1333 2473 prae·

295 2493 363 2559 buit
393 2491 542 2576 speciem,
573 2489 779 2574 flammasque
810 2513 849 2556 11
879 2493 976 2558 Darei
1007 2493 1120 2558 eastris
1151 2495 1329 2580 splendere,

245 2621 276 2671 15
295 2597 384 2664 velut
418 2595 496 2660 illati
526 2603 645 2660 temere
675 2595 844 2680 praesidiis
878 2597 1059 2662 credebant.
1107 2597 1230 2674 Quodsi
1264 2619 1333 2682 per·

295 2702 392 2768 culsis
423 2703 581 2781 Mazaeus,
614 2700 667 2781 qui
698 2699 901 2784 praesidebat
931 2700 1046 2781 itineri,
1081 2702 1331 2786 supervenisset,

296 2808 410 2890 ingens
435 2804 542 2870 clades
572 2803 674 2888 accipi
704 2804 822 2888 potuit:
855 2825 947 2885 nuno,
980 2804 1055 2868 dum
1084 2805 1139 2870 ille
1169 2807 1278 2889 segnis
1300 2807 1333 2872 in

296 2932 342 2992 eo,
381 2930 475 2992 quem
508 2913 732 2992 occupaverat,
770 2909 890 2972 tumulo
929 2907 1028 2988 sedet,
1068 2916 1236 2974 contentus
1270 2931 1333 2975 non

245 3040 277 3092 16
295 3018 420 3098 lacessi,
459 3015 645 3082 Alexander
681 3016 808 3098 cognito
847 3038 964 3101 pavore
1002 3016 1160 3085 exercitus
1194 3017 1330 3100 signum,

295 3131 330 3188 ut
367 3123 583 3202 consisterent,
623 3121 700 3203 dari,
740 3129 813 3187 ante
850 3123 938 3206 ipsos
976 3143 1064 3186 arma
1098 3120 1257 3206 deponere
1294 3142 1331 3186 ac

296 3228 403 3293 levare
426 3247 560 3310 corpora
590 3227 687 3308 iubet,
719 3225 902 3308 admonens,
934 3227 1052 3292 nullam
1083 3225 1180 3292 subiti
1203 3245 1333 3291 eausam

245 3350 369 3402 171111
394 3331 531 3412 terroris,
563 3329 687 3395 hostem
716 3332 826 3415 procul
857 3338 951 3396 stare.
996 3330 1139 3396 Tandem
1169 3336 1332 3415 compotes

296 3437 355 3516 sui,
379 3437 498 3522 pariter
530 3458 617 3502 arma
651 3444 683 3502 et
716 3438 838 3502 animos
872 3459 1032 3523 recepere,
1067 3457 1126 3502 uec
1164 3436 1330 3519 quicquam

296 3563 337 3608 11
370 3543 593 3629 praesentibus
627 3543 726 3608 tutius
759 3543 863 3608 visum
898 3551 947 3609 est
981 3563 1076 3626 quam
1113 3542 1226 3608 eodem
1262 3541 1332 3606 loco

246 3654 401 3714 18111111
430 3647 561 3712 munire.
606 3648 738 3712 Postero
768 3648 821 3712 die
851 3649 1000 3714 Mazaeus
1026 3685 1067 3694 -
1097 3667 1169 3713 cum
1199 3646 1331 3712 delectis

297 3755 437 3837 equitum
460 3757 493 3820 in
523 3754 608 3820 edito
639 3755 729 3834 colle,
762 3775 803 3819 ex
834 3775 895 3836 quo
926 3752 1135 3820 Macedonum
1161 3752 1331 3837 prospicie-

296 3863 412 3926 bantur
436 3865 549 3940 castra,
582 3859 833 3923 consederat-
857 3858 924 3924 sive
948 3865 1033 3923 metu
1064 3857 1132 3923 sive
1156 3855 1229 3939 quia
1263 3876 1330 3940 spe·
