2970 4322
290 185 354 250 286
676 181 708 248 c.
727 179 941 235 cununurr

291 391 393 477 mitur
408 411 480 454 cum
488 387 667 470 fiduciam,
689 409 791 472 quam
806 387 843 450 in
850 387 1105 472 propensissime
1120 389 1206 474 reyia
1218 389 1328 474 qratia

291 494 407 558 tabem
429 502 567 578 poterat,
598 491 824 578 magnitudine
846 489 1057 576 flagitiorum
1081 493 1329 578 contempsisset,

292 597 433 683 quinque
455 595 647 660 talentorum
670 593 767 658 mitia
791 615 831 658 ecc
857 615 944 680 quea
966 593 1058 681 reyio
1081 597 1173 681 rapit
1195 596 1329 660 cunduc-

293 712 389 786 taquc
419 721 474 764 sec
496 699 628 762 milium
651 699 950 762 mercennariorum
972 721 1076 763 monn
1106 701 1143 762 in
1165 700 1331 786 &crepam

293 804 412 870 evadit.
448 803 522 867 Iam
544 802 676 888 pridem
699 801 786 865 enim
808 801 891 865 luen
913 811 942 865 ct
964 802 1158 867 libidinibus
1181 809 1216 867 in
1238 825 1331 889 prae-

295 930 364 995 ceps
393 893 516 971 tractus
545 907 776 992 desperataque
806 906 897 991 oprtet
925 927 1031 993 recem
1054 908 1149 972 venia
1182 909 1334 973 adversm

295 1014 385 1077 iram
415 1012 517 1097 c'Jrsim
546 1011 583 1074 in
606 1009 724 1075 alicnis
746 1010 857 1095 opibus
878 1011 1061 1074 mbsidium
1091 1013 1335 1098 circumspicere

296 1126 440 1203 coeperat
462 1125 491 1180 et
512 1113 726 1196 Athenienses,
750 1136 887 1199 quorum
909 1137 973 1178 non
996 1117 1263 1180 contemnendam
1278 1139 1334 1202 pc-

295 1221 430 1285 tenticm
447 1230 475 1284 ct
490 1219 580 1305 apscd
596 1228 709 1282 ceteros
724 1218 866 1282 Graecos
881 1221 1119 1302 auctoritatem,
1143 1231 1213 1284 tum
1234 1220 1335 1285 occul-

297 1336 364 1390 tum
388 1325 424 1388 in
439 1323 637 1388 Macedonas
652 1323 764 1386 odium
779 1332 884 1404 nnat,
908 1323 1017 1387 sedulo
1034 1323 1186 1388 coluerat.
1222 1325 1338 1410 Itaque

297 1452 383 1515 spem
401 1428 469 1492 suis
471 1427 637 1513 faciebat,
653 1425 858 1491 Athenienses
876 1427 1018 1492 adventu
1036 1450 1093 1493 suo
1111 1430 1236 1515 coynito
1255 1430 1338 1514 copi·

299 1534 387 1618 isque
410 1542 439 1596 et
454 1532 615 1618 pecuariis,
646 1553 729 1616 quos
752 1531 938 1613 adduceret,
962 1555 1073 1596 coram
1097 1533 1248 1618 inspectis
1263 1556 1339 1619 pro-

299 1639 386 1701 tinus
409 1660 507 1701 orma
523 1636 722 1721 consilioque
745 1636 921 1700 sociaturos
944 1659 1016 1700 esse.
1055 1637 1148 1700 Nom
1172 1638 1340 1723 6166666166-

296 1742 413 1828 pulum
442 1742 630 1825 imperitum
653 1750 682 1803 et
704 1739 852 1803 mobilem
875 1761 938 1824 per
960 1740 1103 1804 homines
1132 1741 1295 1826 insqsrobos
1316 1752 1344 1805 et

300 1846 450 1910 avaritia
473 1844 599 1908 venales
621 1844 731 1907 omnic
753 1865 785 1906 se
807 1845 995 1908 muneribus
1013 1841 1256 1908 consecutionem
1277 1845 1343 1908 erci-

300 1950 465 2014 stimulent.

763 2138 828 2192 Car.
846 2138 881 2192 II.

269 2277 282 2326 1
405 2259 509 2342 Igitur
531 2267 607 2321 XXX
632 2256 769 2323 navibus
800 2257 934 2323 Sunium
967 2258 1186 2324 transmittunt
1209 2296 1252 2307 —
1277 2265 1376 2345 prot

304 2364 499 2428 munturinm
530 2369 579 2427 est
608 2361 735 2426 Atticae
770 2367 874 2427 tenue
908 2397 949 2409 -
979 2361 1064 2427 unde
1096 2369 1225 2447 portum
1259 2363 1349 2428 urbis

269 2485 285 2535 2
305 2475 414 2553 petere
436 2466 652 2532 decreverant.
688 2465 747 2530 His
771 2465 906 2548 cognitis
929 2485 995 2545 rex,
1015 2466 1159 2552 Harpalo
1175 2466 1352 2532 Athenien·

304 2573 456 2654 sibusque
480 2571 569 2636 iuxta
599 2570 745 2648 infestus,
776 2569 911 2635 classem
945 2570 1051 2654 parari
1074 2570 1171 2652 iubet,
1201 2569 1350 2636 Athenas

270 2693 286 2744 3
304 2676 448 2762 protinus
463 2675 629 2759 petiturus.
670 2673 765 2750 Quod
781 2673 947 2738 consilium
963 2674 1046 2739 clam
1061 2675 1200 2757 agitanti
1223 2675 1351 2740 litterae

304 2779 488 2859 redduntur,
505 2778 684 2862 Harpalum
699 2778 834 2842 intrasse
851 2777 980 2861 quidem
997 2777 1142 2844 Athenas
1160 2803 1201 2843 ac
1215 2779 1353 2864 pecunia

306 2883 492 2952 conciliasse
515 2883 575 2948 sibi
604 2882 780 2967 principum
803 2881 936 2964 animos,
971 2903 1055 2962 mon,
1079 2883 1216 2948 concilio
1248 2883 1354 2968 plebis

306 2990 416 3056 habito
445 2988 565 3053 iussum
595 2988 673 3052 urbe
703 2985 869 3068 excedere,
891 2986 934 3051 ad
956 2986 1100 3053 Graecos
1130 2987 1250 3052 milites
1283 3007 1355 3073 per·

307 3093 443 3172 venisse,
478 3090 591 3174 quibus
614 3090 826 3175 interceptum
856 3090 1049 3156 trucidatum
1074 3091 1256 3175 aquodam
1280 3112 1356 3158 con-

275 3197 432 3264 4victore
458 3215 517 3281 per
538 3193 680 3259 insidias.
726 3194 785 3259 His
807 3193 912 3260 laetus
941 3194 973 3260 in
995 3195 1157 3280 Europam
1187 3195 1356 3260 traiciendi

311 3300 479 3368 consilium
501 3298 615 3379 omisit,
639 3298 696 3364 sed
719 3299 829 3363 exules
852 3306 980 3384 praeter
1002 3319 1067 3381 eos,
1096 3299 1150 3382 qui
1174 3299 1261 3364 civili
1284 3319 1357 3364 san-

310 3405 408 3489 guine
434 3403 555 3488 aspersi
585 3409 685 3484 erant,
708 3401 807 3486 recipi
831 3402 872 3466 ab
896 3401 1041 3467 omnibus
1064 3400 1260 3468 Graecorum
1282 3403 1359 3469 civi-

279 3509 442 3589 etatibus,
474 3507 544 3590 quis
573 3506 659 3591 pulsi
690 3514 789 3588 erant,
814 3505 914 3571 iussit.
960 3506 1001 3570 Et
1023 3505 1146 3587 Graeci,
1175 3507 1262 3572 haud
1285 3509 1359 3573 ausi

309 3613 477 3698 imperium
500 3611 674 3696 aspernari,
707 3631 899 3694 quamquam
930 3611 1152 3676 solvendarum
1182 3611 1292 3695 legam
1324 3613 1359 3677 id

310 3717 498 3804 principium
523 3735 595 3780 esse
618 3714 797 3796 censebant,
824 3715 908 3780 bona
931 3733 1067 3796 quoque,
1092 3733 1175 3797 quae
1197 3722 1357 3798 extarent,

277 3823 477 3886 crestituere
507 3819 672 3884 damnatis.
719 3819 786 3884 Soli
820 3817 1042 3899 Athenienses,
1065 3838 1128 3883 non
1162 3819 1214 3884 sui
1246 3819 1354 3901 modo,
