2976 4322
300 235 363 299 228
687 237 718 303 o.
737 235 845 289 cunm
864 235 951 289 sorr

266 457 282 508 8
301 463 363 526 que
385 442 520 507 molitur.
558 441 711 507 Acesines
735 461 807 506 eum
830 447 945 526 auget:
968 441 1174 507 decursurum
1197 441 1230 505 in
1253 461 1342 505 mare

301 547 402 611 Indos
430 546 601 632 intercipit,
631 567 812 630 magnoque
842 553 931 611 motu
960 543 1062 611 amnis
1091 553 1224 628 uterque
1255 544 1343 610 colli-

302 651 395 731 ditur,
421 651 540 736 quippe
556 671 705 736 asperum
721 672 757 716 os
772 649 917 716 influenti
932 651 1038 736 obicit,
1060 671 1120 716 nee
1135 669 1344 734 repercussae

269 769 406 838 eaquae
430 754 555 820 cedunt.
602 755 771 820 Diardines
794 755 897 821 minus
920 756 1046 820 celeber
1060 753 1170 820 auditu
1186 761 1249 836 est,
1268 752 1346 836 quia

301 880 358 944 per
379 859 491 924 ultima
512 859 624 924 Indiae
647 859 759 925 currit:
784 866 925 924 ceterum
947 881 1011 925 non
1034 859 1212 925 crocodilos
1235 857 1344 942 modo,

301 963 347 1028 uti
369 963 473 1043 Nilus,
496 963 672 1029 sedetiam
695 964 863 1049 delphinos
886 964 1075 1047 ignotasque
1098 963 1170 1029 aliis
1193 962 1346 1047 gentibus

254 1084 287 1133 10
304 1068 415 1134 beluas
438 1067 503 1132 alit.
551 1068 775 1152 Etymandrus,
807 1068 925 1134 crebris
954 1067 1090 1134 flexibus
1120 1067 1254 1134 subinde
1278 1087 1346 1132 cur-

302 1179 407 1252 vatus,
432 1173 473 1238 ab
496 1173 613 1238 accolis
636 1173 813 1256 rigantibus
836 1173 994 1260 carpitur:
1025 1193 1066 1238 ea
1087 1193 1184 1238 causa
1206 1179 1264 1254 est,
1289 1192 1347 1236 cur

251 1293 281 1342 11
301 1283 413 1342 tenues
429 1276 580 1359 reliquias
602 1277 666 1341 iam
689 1277 758 1342 sine
773 1277 899 1342 nomine
914 1276 948 1341 in
963 1296 1051 1342 mare
1067 1275 1199 1342 emittat.
1228 1259 1347 1340 'Multis

302 1388 427 1464 praeter
449 1378 509 1446 hos
532 1381 677 1446 amnibus
699 1388 768 1446 tota
789 1381 879 1464 regio
903 1380 1066 1460 dividitur,
1094 1379 1152 1447 sed
1173 1379 1345 1464 ignobiles,

252 1502 283 1551 12
302 1485 377 1566 quia
399 1505 463 1549 non
486 1485 652 1567 adeuntur,
675 1484 786 1550 fluunt.
821 1485 969 1551 (letarum
992 1506 1074 1568 quae
1097 1485 1248 1571 propiora
1273 1504 1288 1549 s
1312 1491 1348 1548 nt

302 1589 390 1670 mari,
426 1589 575 1671 aquilone
610 1589 747 1656 maxime
783 1589 974 1656 deuruntur:
1009 1590 1047 1671 is,
1071 1588 1229 1654 cohibitus
1261 1587 1347 1672 iugis

302 1693 465 1775 montium,
478 1693 520 1758 ad
542 1694 693 1760 interiora
716 1715 780 1759 non
802 1702 956 1779 penetrat,
980 1694 1026 1759 ita
1048 1693 1172 1758 alendis
1195 1691 1348 1776 frugibus

251 1814 283 1864 13
301 1797 398 1862 mitia.
447 1798 512 1864 Sed
535 1798 617 1864 adeo
640 1799 673 1863 in
696 1799 751 1862 illa
773 1800 871 1884 plaga
893 1798 1031 1864 mundus
1047 1805 1146 1864 statas
1162 1804 1347 1882 temporum

301 1902 388 1968 vices
411 1910 519 1985 mutat,
551 1911 594 1984 ut,
626 1923 698 1968 cum
721 1903 785 1968 alia
808 1903 935 1969 fervore
959 1903 1035 1968 solis
1066 1908 1265 1982 exaestuant,
1297 1901 1347 1964 In-

303 2005 387 2071 diam
409 2007 499 2072 nives
529 2008 672 2089 obruant,
703 2027 885 2091 rursusque,
917 2007 972 2073 ubi
1002 2013 1110 2072 cetera
1131 2005 1247 2089 rigent,
1283 2005 1349 2070 illic

302 2110 520 2177 intolerandus
557 2119 664 2178 aestus
702 2112 825 2178 existat.
879 2113 956 2197 Nec,
993 2130 1049 2177 cur
1085 2111 1130 2176 ibi
1165 2131 1199 2176 se
1234 2117 1350 2175 natura
1477 2175 1478 2190 ¹

253 2229 284 2280 14
302 2216 440 2297 venerit,
471 2227 606 2302 apparet
639 2237 745 2283 eausa.
793 2217 882 2282 Mare
909 2224 1003 2296 certe,
1036 2235 1099 2298 quo
1130 2214 1268 2294 alluitur,
1307 2235 1347 2279 ne
1477 2229 1478 2244 ¹

255 2335 258 2343 '
303 2321 409 2385 colore
442 2321 571 2404 quidem
604 2321 754 2387 abhorret
787 2342 807 2386 a
841 2320 964 2387 ceteris.
1011 2320 1061 2384 Ab
1093 2317 1233 2403 Erythro
1272 2339 1350 2402 rege

302 2424 437 2489 inditum
467 2433 515 2491 est
544 2447 670 2508 nomen,
703 2433 833 2512 propter
863 2425 948 2508 quod
981 2423 1085 2508 ignari
1108 2424 1221 2488 rubere
1247 2441 1351 2505 aquas

303 2528 445 2596 credunt.

103 2712 107 2720 .
252 2645 284 2698 15
406 2633 505 2698 Terra
527 2634 582 2698 lini
606 2633 712 2700 ferax:
736 2634 811 2701 inde
834 2633 993 2719 plerisque
1017 2639 1091 2698 sunt
1106 2639 1223 2697 vestes.
1259 2629 1345 2695 Libri
1360 2630 1401 2702 31

151 2723 157 2731 ’
303 2738 452 2802 arborum
485 2738 586 2803 teneri
619 2738 706 2803 baud
741 2759 833 2804 secus
871 2757 965 2820 quarn
1003 2737 1131 2802 chartae
1166 2735 1344 2800 litterarum

254 2857 286 2907 16
303 2850 396 2908 notas
433 2841 570 2926 capiunt.
632 2843 718 2908 Aves
755 2842 798 2906 ad
834 2840 1022 2906 imitandum
1059 2840 1217 2904 humanae
1256 2838 1346 2904 vocis

305 2967 417 3011 sonum
441 2946 561 3012 dociles
585 2953 666 3028 sunt,
697 2946 848 3011 animalia
873 2945 1035 3011 invisitata
1058 2944 1171 3010 ceteris
1196 2943 1345 3026 gentibus

304 3050 366 3115 nisi
387 3051 522 3115 invecta
570 3051 693 3116 Eadem
715 3058 800 3115 terra
828 3049 1046 3115 rhinocerotas
1069 3049 1134 3134 alit,
1164 3069 1230 3112 non
1253 3067 1349 3130 gene·

255 3170 286 3219 17
305 3162 362 3218 rat.
409 3153 660 3240 Elephantorum
683 3155 784 3220 maior
814 3154 934 3219 ostris
959 3174 1053 3236 quarn
1081 3172 1162 3236 quos
1185 3151 1218 3216 in
1241 3151 1354 3216 Africa

255 3273 287 3324 18
306 3258 469 3340 domitant,
483 3265 514 3323 et
526 3259 645 3324 viribus
661 3258 848 3342 magnitudo
864 3256 1046 3343 respondet.
1082 3257 1204 3320 Aurum
1219 3254 1353 3319 flumina

306 3363 442 3428 vehunt:
460 3383 543 3446 quae
566 3363 630 3428 leni
653 3363 842 3445 modicoque
858 3364 951 3448 lapsu
967 3382 1084 3445 segnes
1100 3381 1201 3444 aquas
1217 3360 1348 3425 ducunt.
1386 3421 1390 3429 .

256 3482 288 3532 19
307 3467 456 3542 Gemmas
486 3468 742 3551 margaritasque
772 3488 859 3531 mare
889 3466 1036 3531 litoribus
1067 3465 1216 3546 infundit,
1246 3483 1352 3547 neque

306 3571 370 3636 alia
392 3572 455 3637 illis
485 3572 586 3636 maior
609 3572 789 3656 opulentiae
820 3590 917 3636 eausa
948 3578 1006 3650 est,
1038 3571 1148 3652 utique
1178 3575 1350 3664 postquam

306 3676 481 3758 vulgavere
515 3676 547 3740 in
578 3683 702 3740 exteras
734 3683 863 3757 gentes:
894 3675 1011 3760 quippe
1042 3674 1249 3740 aestimantur
1277 3692 1348 3757 pur·

308 3786 457 3861 gamenta
495 3780 708 3844 exaestuantis
739 3779 808 3846 freti
849 3779 960 3865 pretio,
992 3779 1077 3864 quod
1107 3777 1205 3844 libido
1238 3776 1349 3842 consti·

256 3898 290 3946 20
309 3882 377 3946 tuit.
401 3883 536 3964 Ingenia
558 3882 730 3962 hominum,
753 3883 834 3948 sieut
856 3881 983 3965 ubique,
1008 3881 1094 3968 apud
1115 3881 1187 3947 illos
1211 3881 1353 3946 locorum
