3028 4322
714 212 744 276 Q.
764 211 873 266 CURTI
890 211 978 266 RUFI

778 417 843 472 Gar.
861 419 908 473 Ill.

289 535 301 583 1
425 520 611 605 Thymodes
635 527 709 601 erat,
742 521 894 586 Mentoris
924 521 1017 604 lilius,
1048 523 1185 608 impiger
1215 525 1388 595 iuveniszli

322 625 372 691 cui
401 630 606 710 praeceptum
639 645 659 688 a
687 646 774 708 rege,
809 646 918 691 omnes
948 627 1135 711 peregrinos
1165 627 1291 710 milites,
1325 629 1357 694 in

322 730 392 813 quis
422 728 591 814 plurimum
621 728 758 794 habebat
788 729 865 812 spei,
896 751 917 796 a
947 729 1152 797 Pharnabazo
1182 732 1356 818 acciperet:

322 854 419 918 opera
442 853 548 898 eorum
571 851 701 897 usmum
724 853 758 897 se
781 832 814 898 in
829 833 922 899 bello.
962 835 1028 919 lpsi
1044 835 1248 901 Pharnabazo
1263 835 1359 901 tradit

321 935 498 1022 imperium,
523 934 607 1018 quod
629 941 722 1000 antea
746 935 906 1001 Memnoni
929 937 1069 1002 dederat

288 1061 304 1110 2
429 1038 568 1104 Anxium
591 1038 631 1104 de
654 1039 841 1106 instantibus
872 1041 954 1106 curis
983 1043 1148 1125 agitabant
1177 1043 1272 1108 etiam
1301 1063 1359 1128 per

321 1164 467 1210 somnum
497 1144 620 1229 species
651 1143 880 1210 imminentium
910 1167 1023 1228 rerum,
1059 1147 1127 1213 sive
1156 1148 1228 1213 illas
1257 1147 1358 1230 aegri-

288 1249 399 1320 3tudo
422 1250 490 1315 sive
513 1249 664 1314 divinatio
687 1249 784 1314 animi
806 1251 1034 1335 praesagientis
1057 1252 1210 1318 accersiit.
1250 1251 1358 1318 Castra

322 1352 497 1419 Alexandri
526 1372 643 1436 magno
672 1353 756 1437 ignis
786 1352 912 1436 fulgore
953 1355 1109 1420 collucere
1140 1355 1169 1420 ei
1194 1355 1263 1422 visa
1286 1362 1359 1420 sunt

323 1465 355 1522 et
376 1457 472 1542 paulo
494 1463 566 1541 post
589 1456 771 1522 Alexander
799 1456 915 1522 adduci
944 1457 986 1522 ad
1015 1459 1120 1542 ipsum
1145 1460 1178 1523 in
1201 1479 1239 1524 eo
1261 1460 1358 1526 restis

322 1561 442 1641 habitu,
477 1580 539 1644 quo
573 1562 738 1646 quondam
772 1561 841 1645 ipse
875 1561 996 1644 fuisset,
1037 1583 1119 1646 equo
1153 1563 1269 1629 deinde
1301 1584 1359 1649 per

323 1667 488 1750 Babylona
521 1671 632 1731 vectus
670 1666 774 1731 subito
812 1686 884 1731 oum
921 1666 992 1752 ipso
1031 1689 1112 1750 equo
1150 1669 1249 1734 oculis
1288 1687 1358 1734 esse

288 1769 507 1840 4subduotus.
553 1767 606 1832 Ad
628 1768 708 1834 haec
731 1776 820 1835 vates
850 1771 938 1834 varia
967 1770 1223 1856 interpretatione
1253 1791 1359 1837 curam

324 1873 563 1940 distrinxerant:
586 1875 639 1938 alii
661 1875 781 1940 laetum
803 1874 837 1939 id
858 1875 927 1959 regi
943 1877 1098 1941 somnium
1114 1897 1185 1943 esse
1201 1877 1357 1958 dicebant,

324 1981 409 2062 quod
425 1985 529 2045 castra
543 1979 681 2044 hostium
696 1979 856 2062 arsissent,
881 1980 967 2062 quod
981 1981 1199 2047 Alexandrum
1214 1981 1359 2066 deposita

323 2085 412 2168 regia
446 2089 535 2150 veste
568 2085 601 2148 in
634 2085 763 2150 Persico
798 2093 830 2151 et
863 2086 989 2169 vulgari
1026 2086 1137 2151 habitu
1170 2085 1358 2172 perductum

289 2189 365 2256 aad
399 2208 434 2253 se
463 2187 604 2254 vidisset.
652 2188 789 2266 Quidam
810 2209 874 2253 non
904 2200 1003 2276 pratu
1034 2191 1163 2273 audito,
1198 2191 1252 2254 sod
1282 2213 1359 2254 ocra

323 2295 575 2376 augurabantur:
608 2294 725 2379 quippe
766 2294 901 2360 illustria
923 2295 1134 2360 Macedonum
1165 2300 1269 2360 castra
1290 2295 1360 2360 visa

324 2398 483 2481 fulgorem
505 2397 689 2464 Alexandro
719 2400 926 2483 portendere:
957 2401 1008 2466 oui
1030 2401 1083 2466 vel
1104 2420 1238 2483 regnum
1261 2399 1359 2465 Asiae

324 2508 513 2586 occupatum
542 2503 589 2568 ire
619 2501 720 2567 fatum
751 2523 822 2568 1111
852 2503 937 2568 baud
966 2505 1123 2588 ambigue,
1155 2504 1305 2585 quoniam
1327 2503 1360 2568 in

325 2606 436 2672 eodem
467 2605 578 2672 babitu
600 2608 725 2672 Dareus
755 2607 875 2690 fuisset,
907 2629 978 2673 cum
1007 2609 1186 2694 appellatus
1217 2615 1358 2674 111111.

289 2732 305 2781 6
325 2712 442 2776 Vetera
457 2730 582 2794 quoque
598 2713 711 2793 omina,
736 2719 770 2778 ut
785 2713 852 2778 fere
866 2713 920 2796 fit,
944 2713 1122 2778 sollicitudo
1138 2719 1359 2778 revocaverat:

324 2816 534 2881 recensebant
556 2816 649 2896 enirn,
669 2818 810 2882 Dareum
832 2817 865 2882 in
887 2817 1043 2902 principio
1066 2817 1189 2903 imperii
1211 2817 1361 2900 vaginam

324 2921 461 2986 acinacis
484 2921 645 2986 Persicam
667 2923 798 2988 iussisse
828 2924 942 2988 mutari
972 2923 1098 2988 ineam
1125 2923 1266 3003 formam,
1298 2942 1361 3004 qua

326 3024 441 3090 Graeci
474 3032 642 3108 uterentur,
677 3027 884 3111 protinusque
918 3027 1095 3092 Chaldaeos
1129 3027 1359 3112 interpretatos,
1495 3071 1496 3108 1

324 3128 492 3215 imperium
515 3131 685 3198 Persarum
708 3132 749 3196 ad
780 3153 835 3198 eos
863 3132 1075 3214 transiturum,
1108 3151 1241 3214 quorum
1271 3152 1361 3196 arma
1495 3149 1496 3152 ’

291 3242 411 3304 resset
433 3235 582 3301 imitatus.
630 3237 778 3302 Ceterum
793 3237 872 3323 ipse,
898 3244 929 3302 et
951 3244 1061 3302 vatum
1083 3257 1249 3322 responso,
1276 3236 1361 3317 quod
1495 3269 1496 3314 3

326 3339 480 3406 edebatur
501 3347 534 3405 in
556 3341 679 3424 vulgus,
705 3347 737 3406 et
759 3341 875 3426 specie,
901 3361 983 3425 quae
1005 3361 1062 3426 per
1085 3360 1231 3406 somnum
1253 3340 1362 3405 oblata

326 3449 401 3524 erat,
418 3443 591 3508 admodum
613 3444 727 3526 laetus,
744 3451 848 3510 eastra
863 3444 905 3509 ad
920 3445 1106 3529 Euphraten
1123 3444 1244 3510 moveri
1262 3444 1360 3509 iubet.

291 3565 307 3616 8
429 3550 535 3613 Patrio
559 3570 645 3614 more
668 3550 837 3616 Persarum
868 3547 1018 3615 traditum
1047 3556 1105 3631 est,
1129 3555 1197 3614 orto
1221 3548 1286 3614 sole
1309 3544 1393 3618 ‹ie-7

326 3673 411 3718 mum
435 3654 614 3739 procedere.
653 3655 715 3720 Die
738 3655 801 3718 iam
834 3655 950 3722 illustri
966 3655 1093 3738 signum
1116 3675 1134 3720 e
1156 3653 1361 3720 tabernaculo

325 3744 412 3840 regis
446 3758 563 3823 bucina
593 3757 737 3829 dabatur.
784 3760 885 3844 Super
917 3757 1167 3838 tabernaculum,
1203 3756 1287 3822 unde
1320 3758 1361 3821 ab

327 3863 473 3928 omnibus
504 3865 644 3950 conspici
675 3871 792 3950 posset,
822 3865 930 3946 imago
961 3863 1037 3928 solis
1065 3863 1214 3947 crystallo
1237 3861 1362 3926 inclusa
